1273 1538
182 48 225 67 1347]
373 54 397 65 ΑΒ
414 53 466 65 mro
483 53 600 65 meet-xxxv
618 53 683 68 usque
698 53 722 65 Α»
738 53 808 66 mauu
824 54 896 66 ncccr..
1066 50 1100 67 605

181 91 228 112 absit,
238 91 346 108 tenebuntur
355 96 419 107 omnes
429 90 511 113 magistri
519 93 537 107 et
546 90 632 111 scolares,
642 90 736 107 emendam
745 90 854 113 condignam
865 91 910 112 lieri,
919 94 953 108 tam
964 92 1035 108 naeioni
1046 97 1099 114 quam

181 124 267 147 magistro,
281 126 369 147 quatenus
383 123 483 140 secundum
499 123 555 139 Deum
569 126 587 140 et
597 123 686 145 justitiam
700 126 791 146 poterunt„
804 129 907 146 procurare.
923 125 945 140 Et
954 124 976 141 ad
986 124 1019 141 hec
1029 124 1099 141 firmius

181 157 293 178 observanda,
303 156 387 174 volumus
400 162 462 173 omnes
473 156 632 177 determinaturos,
643 156 773 177 licenciandos,
784 159 803 173 et
816 156 834 172 in
844 156 913 173 artibus
923 157 1028 179 incepturos
1038 160 1100 174 nostre

181 190 262 211 nacionis,
272 189 306 207 suh
316 189 378 207 debito
390 189 488 212 juramenti
504 189 587 212 obligari,
601 189 689 206 addentes
704 189 753 212 quod
765 189 781 206 si
793 189 869 212 predicti
883 189 990 212 injuriantes
1004 190 1026 206 de
1039 193 1100 207 nostra

181 224 249 241 nacione
259 223 331 244 suerint,
342 229 364 240 ex
374 228 422 239 nunc
432 226 486 245 prout
496 228 517 239 ex
527 226 569 240 tunc
579 229 588 239 a
599 226 661 240 nostre
672 222 754 240 nacionis
764 223 857 240 consortio
868 228 887 240 se
897 223 981 240 noverint
990 223 1066 240 alienos.

220 258 268 278 ltem,
281 263 303 274 ne
316 257 367 273 nacio
380 259 441 273 nostra
453 256 534 279 paciatur
545 256 638 280 penuriam
652 257 670 273 in
683 256 738 273 scolis
751 260 769 273 et
781 255 828 277 aliis,
840 257 941 277 statuimus,
954 257 1003 280 quod
1016 257 1100 273 decetero

180 296 209 314 pro
221 290 269 307 nullo
284 290 335 307 nacio
350 293 411 306 nostra
426 292 509 307 teneatur
524 289 595 307 solvere
610 290 677 310 scolas,
692 290 727 307 nisi
742 290 827 307 continue
840 293 858 307 et
869 290 949 313 legitime
964 290 1019 307 fuerit
1033 295 1099 313 regens

179 330 187 341 a
201 323 287 347 principio
304 323 363 346 magni
378 323 466 339 ordinarii
482 328 540 346 usque
555 323 576 339 ad
591 323 706 340 medietatem
721 323 865 345 Quadragesime
879 323 901 339 ad
915 323 982 344 minus„
1000 323 1100 340 secundum

178 357 247 374 sormam
257 356 316 373 statuti
327 356 417 373 facultatis
427 356 502 377 arcium.
515 356 543 373 vel
556 356 601 373 alter
611 356 652 373 loco
662 356 700 377 sui3
714 359 732 373 et
743 356 808 373 habeat
817 356 897 373 scolares
907 359 937 373 aut
949 356 1043 378 scolarem„
1055 362 1100 379 quos

179 390 204 407 vel
213 395 264 413 quem
274 395 310 407 non
320 389 382 407 credat
391 389 472 406 scolares
483 395 524 406 esse
537 392 567 406 aut
580 389 668 406 scolarem
679 389 701 406 ad
711 389 802 411 fraudem3
815 389 877 410 eciam=
889 389 923 406 nisi
937 390 996 407 scolas
1006 389 1101 407 retinuerit

179 426 215 440 ante
224 423 329 446 principium
340 422 401 446 magni
411 422 505 444 ordinarii,
514 423 532 440 in
543 422 637 445 presencia
647 422 733 444 nationis,
742 423 764 439 de
774 423 827 445 cujus
837 423 931 446 presencia
942 422 1033 440 tenebitur
1041 423 1101 440 facere

179 456 228 473 iidem
237 462 269 479 per
278 457 369 479 proprium
378 457 509 479 juramentum,
518 462 552 473 una
563 462 603 473 cum
611 456 721 479 juramentis
730 456 844 473 bedellorum
852 459 914 473 nostre
925 456 1014 477 nacionis„
1022 456 1037 473 si
1046 462 1101 479 super

179 490 209 506 hoc
218 489 283 506 suerint
292 490 381 513 requisiti.
395 490 518 507 Permittimus
528 493 595 511 autem,
605 490 654 512 quod
664 490 688 506 de
698 495 745 507 novo
756 489 865 513 incipientes
875 493 916 512 post
925 490 990 506 festum
1001 490 1048 506 beati
1058 490 1101 506 Dio-

179 523 216 539 nisii
229 522 304 540 habeant
317 523 377 540 scolas
387 528 419 545 per
429 523 524 540 nacionem
535 526 552 540 et
562 529 571 539 a
581 523 657 540 nacione
667 523 772 543 solvendas,
783 523 826 539 dum
839 526 897 539 tamen
909 523 976 540 suerint
988 523 1073 540 continue
1083 526 1101 540 et

178 555 252 579 legitime
264 559 348 579 regentes
362 562 395 579 per
409 559 445 573 tres
459 562 533 573 menses
545 556 567 573 ad
578 556 638 573 minus
652 556 698 573 intra
711 556 778 573 dictum
791 556 900 579 principium
913 556 973 579 magni
986 556 1073 573 ordinarii
1083 560 1101 573 et

179 589 250 606 medium
260 589 402 612 Quadragesime
412 589 495 612 proximo
504 595 590 612 sequens,
599 593 617 607 et
626 590 692 607 saciant
702 589 755 606 sideni
767 593 785 607 ut
795 596 856 613 supra⁴
868 590 948 607 Dicimus
959 596 1032 613 quoque
1041 590 1100 607 scolas

178 628 186 639 a
195 622 265 639 nacione
279 622 375 640 solvendas
389 622 430 639 illas
444 623 514 644 solum,·
525 629 560 646 que
574 623 592 640 in
602 623 643 640 vico
654 623 762 640 straminum
775 623 804 640 vel
818 629 875 646 prope
887 623 955 640 suerint
966 623 1038 644 situate,
1049 626 1067 640 et
1078 623 1100 640 ad

178 655 234 672 nullos
243 655 287 672 alios
297 662 342 673 usus
352 659 467 679 preterquam
478 656 500 673 ad
510 659 569 673 actum
580 656 654 679 legendi
664 656 693 673 vel
701 656 806 679 disputandi
816 656 907 680 depnmte,

217 689 266 710 Item,
284 689 385 710 statuimus,
404 689 453 712 quod
470 689 532 706 nullus
549 690 634 707 decetero
654 689 719 707 habeat
735 696 797 707 vocem
816 690 835 707 in
854 690 929 707 nacione
946 693 1014 711 nostra,
1030 696 1063 707 nec
1077 690 1099 707 ad

178 722 242 746 aliquos
251 725 300 740 actus
314 728 420 740 communes
434 726 497 740 nostre
510 723 592 740 nacionis
606 723 710 740 admittatur
720 723 749 740 die
762 723 829 746 aliqua,
840 724 875 741 nisi
888 724 949 740 eadem
963 723 992 740 die
1002 724 1074 747 legerit,
1084 724 1099 741 si

179 756 214 773 dies
223 756 245 773 sit
254 756 342 779 1egihilis;
355 760 373 773 et
386 756 401 773 si
412 762 448 773 non
458 756 547 779 legibilis,
558 759 601 774 tunc
613 756 649 774 nisi
661 756 723 774 ultima
736 757 765 774 die
775 757 846 780 legibili
856 757 922 780 legerit
934 760 953 774 ut
962 763 1016 775 verus
1027 763 1100 780 regens,

179 789 274 806 nullatenus
286 790 396 807 admittatur.
411 790 462 811 Item,
475 795 512 806 non
525 790 622 813 recipiatur
633 790 668 807 nisi
682 793 723 807 ante
733 790 781 807 illam
792 790 840 807 diem
849 790 904 807 suerit
915 791 1001 808 continue
1011 790 1100 808 inclusive

178 828 227 840 verus
240 828 304 846 regens
316 829 349 846 per
359 828 446 843 mensem,
460 823 560 840 secundum
573 823 649 840 sormam
661 823 723 840 statuti
735 823 831 844 facultatis,
842 823 871 840 vel
880 824 936 846 juret,
947 829 1006 840 coram
1017 824 1099 844 nacione,

179 856 222 879 quod
231 856 252 873 ab
264 856 293 873 illa
304 856 332 873 die
346 856 436 873 inclusive
449 856 484 873 erit
498 856 584 873 continue
597 862 652 873 verus
665 862 732 879 regens
745 862 803 879 usque
816 856 838 873 ad
847 862 928 873 inensem
941 860 988 880 post,
999 857 1100 874 secundum

178 890 246 907 formam
256 890 315 907 statuti
325 889 415 907 facultatis
425 889 515 912 predicte;
527 895 560 906 nec
570 893 656 912 quantum
667 889 689 907 ad
699 889 798 912 legendum
809 889 889 913 qualibet
898 890 927 907 die
937 889 1015 913 legibili,
1023 890 1100 907 dicimus

178 923 244 946 aliquod
259 923 407 946 impedimentum
423 922 532 945 legitimum,
548 923 583 940 nisi
599 923 717 946 pretendatur
731 923 851 946 procuratori,
869 926 886 940 et
900 923 948 946 quod
965 929 998 946 per
1014 924 1100 946 majorem

179 960 239 980 partem
253 962 336 974 verorum
351 956 453 979 regentium
469 956 604 979 adjudicabitur
618 962 659 973 esse
677 956 778 979 legitimum
793 956 921 977 deliberand03
937 956 960 973 de
973 962 1009 979 quo
1024 956 1101 979 impedi-

179 994 232 1008 mento
246 990 319 1013 legendi
332 990 386 1007 faciet
400 989 454 1006 iidem
470 995 503 1012 per
518 989 611 1013 proprium
624 990 754 1012 juramentum,
770 990 785 1006 si
801 995 856 1012 super
872 989 906 1006 hoc
922 990 977 1007 suerit
994 990 1099 1013 requisitus.

179 1025 318 1047 Verumtamen,
333 1024 352 1040 in
367 1029 411 1040 casu
428 1029 464 1046 quo
482 1023 534 1040 lieret
550 1023 622 1040 rotulus
638 1023 660 1040 ad
676 1023 744 1040 curiam
761 1029 794 1046 pro
812 1023 948 1046 provisionibus
965 1023 1099 1046 magistrorum,

178 1061 255 1081 quantum
269 1057 290 1074 ad
304 1057 405 1080 predictum
419 1056 498 1074 rotulum
512 1057 603 1079 tangentia
617 1062 653 1074 non
665 1056 778 1074 intendimus
791 1056 842 1079 prius
852 1056 905 1078 dicta,
916 1062 949 1073 nec
959 1056 1028 1079 aliquid
1038 1056 1057 1073 in
1066 1056 1100 1073 hoc

177 1091 254 1108 volumus
262 1091 354 1112 innovare,
368 1090 400 1108 sed
414 1093 480 1107 statuta
493 1093 511 1107 et
523 1090 666 1107 consuetudines
680 1090 781 1107 laudabiles
791 1090 919 1107 Universitatis
932 1093 949 1107 et
960 1090 1050 1107 facultatis
1060 1096 1100 1113 pre-
1122 1107 1125 1109 ,

178 1124 219 1141 dicte
229 1125 246 1142 in
256 1124 339 1142 omnihus
349 1124 434 1142 volumus
444 1124 548 1141 observare⁴

226 1159 276 1180 Item,
286 1158 388 1179 statuimus.
399 1158 448 1181 quod
459 1158 521 1175 nullus
531 1157 618 1180 magister
628 1157 711 1174 nacionis
723 1160 785 1174 nostre
796 1157 880 1174 decetero
890 1157 954 1175 habeat
965 1157 1000 1174 sub
1010 1163 1030 1174 se
1040 1157 1100 1174 deter-

178 1191 275 1213 minaturos,
286 1198 319 1209 nec
331 1191 456 1209 licenciandos
468 1195 531 1209 nostre
544 1191 626 1208 nacionis
636 1191 655 1208 in
666 1191 720 1208 Beata
731 1191 830 1212 Geuovesa,
842 1191 877 1208 nisi
890 1191 949 1208 taliter
959 1191 1013 1208 fuerit
1026 1197 1099 1214 regens,

177 1225 220 1247 quod
229 1225 279 1242 nacio
288 1228 371 1243 teneatur
381 1225 452 1242 solvere
466 1225 525 1243 scolas
536 1231 569 1248 pro
579 1225 619 1248 ipso
630 1225 703 1242 racione
714 1231 747 1242 sue
756 1225 842 1243 continue
853 1225 945 1249 regencie,
952 1226 1003 1248 juxta
1013 1228 1099 1243 statutum

176 1257 196 1276 de
205 1258 257 1276 scolis
269 1259 376 1281 precedens⁴

216 1293 296 1315 Insuper,
306 1293 416 1310 unanimiter
425 1294 529 1315 statuimus,
540 1294 589 1317 quod
600 1294 662 1311 nullus
673 1294 754 1311 existens
764 1298 877 1317 procurator,
890 1299 920 1312 aut
932 1294 977 1312 alter
988 1294 1029 1311 loco
1038 1295 1068 1312 sui
1077 1295 1099 1312 ad

176 1325 315 1346 diminucionem„
329 1328 476 1350 coi-rupcionem,
489 1328 658 1351 augmentacionem
671 1334 704 1346 seu
717 1329 860 1347 destructionem
870 1330 899 1347 vel
911 1329 1046 1347 distractionem
1060 1336 1100 1353 pre-
