1273 1538
175 49 208 66 434
467 55 625 67 etun-tumniuu
643 56 737 67 inuveus⁴
755 56 819 68 ranis.
1056 50 1101 68 [1333

176 105 232 124 983,
243 111 264 124 ι>ι
271 111 361 124 commorit:
366 115 394 129 pe,-
400 111 479 124 Iohannem
487 112 529 124 xxa
533 111 553 124 aa
560 111 657 124 ventilandam
665 111 764 129 quaestionem
771 111 789 124 aa
800 111 853 124 visione
861 111 930 128 beatifica
937 111 995 128 namus,
1002 113 1016 124 ιι
1021 111 1100 129 protestatio

219 135 289 149 lobannis
297 136 348 149 summa
354 135 433 154 pontifico.

634 153 674 168 1333,
681 153 755 167 aemam
761 153 828 169 28-1334,
835 153 895 167 ammi
899 153 912 168 3,
920 153 984 167 Ammo.

221 193 241 209 ln
251 193 325 209 nomine
336 192 416 213 Domini,
425 198 483 209 nmen.
494 193 547 209 Anno
555 198 564 209 n
572 192 667 209 Nativitate
678 192 760 214 ejusdem
771 192 868 209 millesimo
879 192 1005 209 trecentesimo
1016 192 1100 209 tricesimo

176 229 247 248 quarto,
261 226 361 243 indictione
376 225 462 246 secunda,
478 225 507 241 die
522 225 574 241 tertia
588 225 657 251 mensis
672 225 757 246 Januarii,
773 225 889 248 pontificatus
902 225 1010 242 sanctissimi
1024 225 1076 247 patris
1085 229 1100 242 et

176 259 245 276 domini
258 259 316 276 nostri
329 259 398 276 domini
410 258 499 275 johannis
511 258 571 275 divina
582 258 699 281 providencia
710 264 754 281 pape
765 259 816 275 xxn
829 265 877 276 anno
887 259 958 276 decimo
967 262 1034 275 octavo.
1047 259 1099 275 Nove-

176 292 212 309 rint
221 292 302 309 universi
313 295 330 308 et
343 291 411 314 singuli
424 291 473 314 quod
484 291 531 314 apud
543 291 658 312 Avinionem,
669 292 687 308 in
698 292 809 308 consistorio
819 292 893 314 publico
903 297 955 308 sacro
967 291 1044 314 collegio
1054 298 1099 309 reve-

176 325 274 341 rendorum
284 328 355 347 patrum
366 324 482 341 dominorum
492 327 553 341 sancte
563 325 643 341 Romane
655 324 733 341 ecclesie
744 324 862 341 cardinalium
873 324 947 341 insimul
959 328 1073 347 congregato,
1082 325 1098 341 in

176 360 257 374 nostrum
273 357 385 374 notariorum
398 360 416 374 et
431 357 504 374 testium
522 357 666 380 subscriptorum
681 357 704 374 ad
717 357 752 374 hoc
767 361 872 374 vocatorum
887 357 987 380 presencia,
1003 363 1042 374 curn
1056 358 1098 374 circa

176 390 265 407 visionem
280 390 341 407 divine
356 390 443 411 essentie,
460 396 512 413 quam
527 393 579 407 vocat
590 390 671 407 facialem
686 390 780 413 apostolus
793 393 812 407 et
823 391 927 413 perfectam,
941 396 1028 413 quamque
1041 390 1099 407 dividit

176 426 238 440 contra
253 423 373 446 specularem,
389 423 514 446 enigmaticam
530 426 548 440 et
563 429 584 440 ex
599 427 656 446 parte,
673 426 732 440 utrum
746 423 806 440 anime
823 426 904 446 separate
920 430 928 440 n
942 423 1048 446 corporibus
1061 427 1098 440 ante

176 457 317 479 resumptionem
334 462 431 480 corporum
444 456 501 479 ipsam
517 456 593 473 habeant
606 456 635 473 vel
651 456 717 482 solum*
726 459 768 479 post
780 457 940 476 resurrectionem,
954 456 1020 473 diversi
1033 456 1098 474 diversa

176 490 277 507 sentientes
291 493 309 506 et
323 490 342 506 in
357 490 435 506 diversis
451 489 513 506 mundi
528 489 609 512 partibus
623 489 712 506 contraria
727 489 821 512 predicare
835 493 853 506 et
862 490 983 512 dogmatizare
994 493 1096 512 presumant,

175 529 215 540 cum
226 523 245 539 in
255 523 302 539 dicta
312 523 385 539 materia
395 523 453 539 sancti
463 523 548 539 doctores
559 522 636 539 ecclesie
645 523 693 539 inter
701 528 727 543 se,
736 528 796 545 ymmo
805 525 821 539 et
833 523 868 539 sibi
878 523 924 545 ipsis
933 523 1022 539 interdum
1033 526 1098 539 contra-

175 556 236 572 dicere
246 556 354 572 videantur:
364 559 438 578 propter
452 556 501 578 quod
515 555 562 572 idem
576 556 703 572 sanctissimus
715 558 766 578 pater
775 555 861 572 dominus
872 559 934 573 noster
944 556 1034 578 predictus
1046 559 1097 572 atten-

176 588 221 605 dens
235 589 283 611 quod
298 589 320 605 ad
335 588 396 605 sedern
410 588 527 610 apostolicam
543 588 612 605 decisio
627 588 729 611 questionis
742 588 847 611 hujusmodi
859 589 940 605 noscitur
950 588 1050 611 specialiter
1061 594 1097 611 per-

175 621 242 642 tinere,
259 621 323 638 volens
345 627 401 644 super
422 621 517 643 premissis
538 621 638 642 declarare,
657 627 692 644 que
712 622 801 638 dictarum
818 621 925 644 opinionum
945 621 1035 644 Scripture
1051 628 1096 639 sacre

175 654 291 675 testimoniis,
306 654 328 671 ad
340 659 394 677 quam
406 656 435 670 est
446 654 577 671 recurrendum
590 654 609 671 in
623 654 697 675 talibus,
712 654 777 671 melius
789 655 880 676 fulciatur,
891 658 909 672 et
920 655 1014 671 attendens
1026 655 1096 677 quodid

175 687 223 710 quod
233 693 242 704 a
253 687 336 710 pluribus
347 686 429 710 queritur
439 686 510 704 facilius
520 687 618 708 invenitur,
627 687 649 704 ad
658 688 705 704 diem
715 687 819 704 vicesimam
831 691 910 704 octavam
921 688 988 705 mensis
998 688 1096 705 Decembris

175 721 256 743 proxime
273 720 354 743 preteriti
371 720 414 737 fecit
428 723 463 737 tam
478 720 592 737 venerabiles
606 721 671 737 fratres
687 727 731 737 suos
750 721 835 738 dominos
852 724 913 738 sancte
931 722 1009 738 Romane
1025 721 1096 738 ecclesie

175 753 276 771 cardinales
287 759 341 777 quain
354 753 434 777 prelatos
447 753 500 775 alios,
511 754 581 771 scilicet
593 754 710 777 patriarchas,
722 754 878 777 archiepiscopos,
889 754 985 777 episcopos
995 758 1012 771 et
1021 754 1095 775 abbates,

175 793 208 804 nec
225 793 262 804 non
278 790 296 804 et
311 793 362 804 sacre
378 786 470 810 theologie
486 787 578 808 doctores,
594 787 687 804 auditores
704 793 776 810 quoque
794 787 840 804 sacri
854 787 924 810 palacii,
938 788 961 804 ad
975 788 1096 804 consistorium

175 820 252 838 evocari.
267 820 306 842 Qua
320 820 349 837 die
363 820 480 843 presentibus
493 820 547 837 dictis
559 820 638 837 dominis
650 820 779 842 cardinalibus,
793 820 866 837 duobus
876 820 966 838 dumtaxat
976 821 1059 843 exceptis,
1068 820 1096 843 qui

175 859 211 870 non
221 857 320 876 potuerunt
332 853 430 875 interesse,
443 859 462 870 ac
475 856 510 870 tam
521 853 631 876 prelatorum
642 859 694 876 quam
705 854 801 870 doctorum
811 853 934 876 predictorum
945 857 962 871 et
972 854 1069 871 auditorum
1078 859 1096 870 ac

175 887 252 904 alioruin
266 887 382 904 multitudine
396 886 477 909 copiosa,
493 887 540 903 idern
555 886 640 904 dominus
654 890 717 904 noster
731 893 775 910 papa
791 887 888 910 proposuit
901 887 950 910 quod
965 887 1014 910 ipsos
1029 890 1096 910 propter

176 920 289 943 questionem
302 920 401 943 predictam
415 920 482 937 fecerat
496 919 573 940 evocari,
587 923 715 942 exortatusque
727 923 755 937 est
767 923 802 937 tam
815 919 895 943 prelatos
905 926 957 943 quam
968 920 1050 937 doctores
1060 925 1096 943 pre-

176 953 241 974 dictos,
251 953 299 970 inter
308 960 361 977 quos,
375 956 396 970 ut
405 953 503 970 declaravit
516 953 535 970 in
549 953 653 974 crastinum,
664 953 748 970 videlicet
762 953 803 970 xxix
816 953 845 970 die
858 953 900 970 dicti
914 954 988 974 mensis,
998 952 1097 970 intendebat

176 986 289 1003 venerabiles
304 987 369 1004 fratres
382 992 426 1003 suos
441 986 526 1003 dominos
540 986 641 1003 cardinales
654 989 715 1003 sancte
728 987 808 1003 Romane
820 985 898 1003 ecclesie
908 989 927 1003 ut
937 985 1044 1009 principales
1056 992 1095 1003 suos

176 1019 291 1036 conciliarios
305 1019 442 1042 comprehendi,
460 1019 509 1042 quod
524 1025 579 1042 snper
596 1019 692 1042 questione
710 1019 791 1042 predicta
806 1019 928 1036 deliberarent
942 1022 1015 1040 attente,
1030 1019 1095 1042 sibique

176 1052 219 1075 quid
229 1053 256 1069 eis
266 1052 358 1069 videbitur
365 1053 415 1075 juxta
427 1053 519 1075 Scripture
529 1058 580 1069 sacre
589 1052 692 1069 testimonia
703 1052 832 1073 declararent',
844 1056 862 1069 et
870 1052 904 1069 hoc
915 1052 949 1069 sub
960 1053 1096 1069 excommunica-

177 1085 231 1102 tionis
241 1091 287 1107 pena
300 1091 353 1107 quam
367 1090 430 1102 eorum
443 1085 542 1108 quemlibet
554 1085 647 1102 incurrere
659 1085 723 1106 voluit,
736 1085 767 1108 qui
777 1085 866 1107 premissa
878 1084 957 1102 fideliter
967 1091 1002 1102 non
1012 1085 1095 1108 impleret,

176 1119 228 1140 cujus
239 1118 371 1135 absolutionem
382 1118 472 1135 sententie
483 1118 518 1135 sibi
528 1118 603 1140 suisque
613 1118 751 1135 successoribus
762 1118 866 1141 specialiter
875 1118 910 1135 nisi
921 1118 939 1134 in
949 1118 1011 1135 mortis
1021 1118 1095 1141 periculo

177 1151 281 1168 reservavit.
296 1152 318 1168 Et
327 1151 368 1173 quia
383 1156 415 1173 pro
428 1154 505 1173 utraque
517 1154 574 1173 parte,
588 1150 657 1168 scilicet
670 1151 773 1168 affirmativa
783 1155 802 1168 et
811 1151 900 1174 negativa,
914 1151 1027 1168 auctoritates
1040 1151 1096 1174 plures

176 1188 211 1201 tam
227 1190 277 1201 sacre
295 1184 384 1206 scripture
401 1189 454 1206 quam
472 1187 574 1200 sanctorum
592 1184 685 1200 doctorum
703 1184 780 1201 ecclesie
798 1190 850 1207 quam
867 1184 942 1201 aliorum
959 1184 1020 1206 colligi
1036 1184 1097 1201 fecerat

176 1217 199 1234 ad
208 1217 243 1234 hoc
254 1220 273 1234 ut
286 1216 387 1239 promptius
399 1219 417 1233 et
429 1216 502 1238 plenius
514 1216 615 1233 deliberare
625 1222 681 1239 super
690 1217 777 1239 predictis
790 1220 871 1239 possent,
882 1216 996 1234 auctoritates
1006 1216 1044 1233 illas
1053 1217 1096 1234 dicta

177 1250 205 1266 die
220 1250 273 1272 xxviij
289 1249 332 1266 dicti
346 1249 415 1266 mensis
430 1249 536 1266 Decembris
551 1249 632 1271 preteriti
646 1249 728 1272 proxime
742 1253 760 1266 et
774 1249 894 1272 sequentibus
906 1250 943 1272 legi
957 1250 975 1266 in
988 1250 1096 1267 consistoriis

177 1277 249 1306 publice
259 1283 342 1303 secerat’,
349 1282 418 1305 jubens
428 1283 498 1305 copiam
508 1282 615 1305 cuicumque
625 1283 756 1305 premissorum
766 1283 849 1299 concedi.

221 1316 267 1332 Sane
277 1315 317 1338 quia
328 1315 375 1332 idem
386 1314 471 1332 dominus
482 1318 544 1332 noster
554 1321 635 1332 summus
648 1315 728 1338 pontifex
738 1315 756 1332 in
767 1315 806 1332 suis
819 1316 935 1332 sermonibus
945 1321 977 1338 pro
987 1319 1036 1338 parte
1045 1322 1096 1339 nega·

238 1344 257 1355 55.
