1273 1538
180 41 212 58 196
467 45 625 58 CHAR'HJLAMUM
642 46 737 58 uuivzus.
754 46 819 58 Panis,
1053 39 1096 58 [¹317

179 83 198 100 in
212 82 299 100 membris
312 83 351 100 suis
364 83 420 104 saniS,
434 83 483 100 veris
496 86 513 100 et
526 83 615 105 univocis,
629 87 648 101 ut
660 83 748 104 dicamus„
762 83 779 100 in
792 89 824 100 ore
834 88 868 99 suo
879 89 934 106 super
945 83 980 100 hiis
993 82 1056 99 nullam
1066 82 1096 105 pati

181 117 266 134 meruerit
280 116 435 139 redargutionem,
446 116 490 139 quin
501 116 560 139 potius
570 117 620 134 beata
634 120 652 133 et
665 116 776 133 immaculata
788 116 848 139 legem
859 116 930 133 Domini
943 116 1069 133 deambulando
1078 121 1096 132 eo

181 153 225 167 teste
242 150 334 173 persistat,
349 149 411 166 matris
428 149 488 172 ipsius
502 150 547 166 same
564 150 634 167 titulum
652 149 714 166 divino
732 152 822 172 prestante
837 149 897 166 favore
912 155 975 166 sanum
990 155 1022 172 pro
1034 148 1096 166 viribus

180 189 252 200 servare
263 183 357 206 cupientes
368 186 385 200 et
395 182 466 200 illesum
478 186 496 200 et
506 183 560 199 totius
570 183 611 199 mali
621 182 692 200 radices
704 182 782 199 evellere
796 182 868 205 penitus
878 182 896 199 in
907 182 1006 205 premissis,
1016 182 1033 199 in
1043 185 1096 199 nostra

181 216 255 238 quadam
266 216 409 239 congregatione
419 215 501 238 generali
511 221 565 238 super
574 215 609 232 hiis
619 215 667 232 inter
677 219 736 232 cetera
744 216 780 239 jam
791 215 859 233 dudum
872 216 951 233 Parisius
963 215 1009 238 apud
1020 215 1036 232 S*
1047 216 1096 232 Matu-

180 249 239 266 rinum
253 255 303 266 more
317 248 371 266 solito
384 252 482 266 convocata
495 248 590 266 statuendo
602 252 690 272 perpetuo
704 248 788 266 duximus
802 248 942 270 observandum,
956 252 975 266 ut
987 248 1070 266 abusores
1080 255 1096 266 ac

180 283 297 305 impetrantes
310 286 329 299 et
342 282 360 299 in
373 281 430 299 abusu
447 282 516 299 eisdem
532 282 617 299 auxilium
632 286 734 305 prestantes
749 286 766 299 et
780 283 862 300 faventes
877 283 896 299 in
910 283 959 299 curia
974 283 1096 300 conservatoris

180 315 318 338 privilegiorum
333 319 436 332 nostrorum
451 315 529 338 aliquam
543 315 620 332 litteram
633 315 740 336 citatoriarn,
754 315 784 333 vel
798 316 850 332 aliani
866 316 1008 339 qualemcunque
1021 316 1039 332 in
1050 322 1096 333 causa

180 349 238 371 aliqua
251 354 287 365 non
300 349 400 366 secundum
413 348 549 372 privilegiorum
564 352 667 366 nostrorum
680 352 761 366 tenorem
774 352 914 372 prosequentes,
927 349 981 366 immo
990 349 1040 366 aliam
1049 349 1096 366 actio-

180 388 221 398 nein
232 382 293 404 potius
305 381 400 403 habentes,
412 388 465 404 quain
478 388 513 405 que
525 382 543 399 in
555 382 600 405 ipsis
612 382 713 405 privilegiis
727 382 795 399 nostris
810 382 919 403 continetur,
933 389 942 399 u
957 386 1017 399 nostre
1030 382 1097 399 Univer-

181 415 238 432 sitatis
248 415 333 438 collegio,
345 415 445 438 privatione
455 414 527 438 publica
537 415 683 437 excluderentur,
695 419 713 432 et
722 415 741 432 in
750 415 835 438 expensis
845 416 891 438 parti
901 415 976 432 adverse
986 415 1097 438 condempna-

180 451 249 470 rentur,
263 452 280 465 et
291 449 362 470 merito,
376 448 460 472 quodque
474 452 590 466 conservator
605 448 643 471 ipse
657 454 690 466 seu
702 448 751 466 vices
766 449 806 472 ejus
819 455 851 472 pro
864 452 944 472 tempore
957 455 1022 472 gerens
1033 455 1095 466 causant

180 481 284 504 hujusmodi
297 482 397 499 remitteret
409 482 431 499 ad
440 482 521 505 judicem
534 488 586 499 suum
596 482 714 503 ordinarium,
725 482 747 499 ad
757 488 810 505 quein
821 482 869 499 dicte
879 488 932 499 cause
942 482 1020 505 cognitio
1032 482 1052 499 de
1060 483 1096 505 jure

181 515 271 538 pertinere
286 515 352 538 poterit
363 518 381 532 et
394 515 476 536 debebit,
492 519 544 538 prout
558 516 591 532 hec
603 519 621 532 et
633 515 667 532 alia
682 515 699 532 in
714 515 822 538 quibusdam
837 516 905 533 nostris
920 516 985 533 litteris
1001 522 1053 539 super
1067 515 1096 533 hoc

180 549 267 566 consectis
278 549 312 566 sub
325 548 386 572 sigillo
400 552 462 566 nostro
476 552 494 565 et
505 548 623 572 solempniter
636 555 668 572 per
681 548 739 566 edicta
751 549 842 572 generalia
855 549 951 572 publicatis
965 549 1034 572 plenius
1046 550 1096 566 conti-

179 583 261 602 nentur',
277 585 371 605 sperantes
386 582 426 604 ipso
439 585 506 599 statuto
520 582 616 603 mediante,
630 585 647 599 et
661 586 680 599 ιιι
693 582 759 603 decuit,
775 581 871 599 observato
886 583 958 606 penitus
971 583 1045 600 evitasse
1056 582 1096 600 Cha-

180 616 253 637 ribdim,
267 621 308 632 cuin
321 619 379 632 tamen
393 621 425 638 per
437 615 463 632 rei
476 615 583 632 evidentiam
598 615 708 632 contrarium
722 615 745 632 sit
755 616 876 633 manifestum,
889 616 1002 639 Quapropter
1013 616 1057 633 utin
1065 615 1096 633 hiis

180 652 197 666 et
207 655 227 666 ea
240 648 357 672 tangentibus
371 648 430 666 onmis
441 648 515 666 tollatur
529 649 596 666 erroris
610 649 683 666 materia
697 652 715 666 et
730 655 820 672 nunquam
835 652 926 672 prestante
938 649 1014 666 Domino
1026 649 1096 666 reditura

180 682 252 706 penitus
264 685 365 704 evanescat,
380 685 521 705 nostrorumque
535 682 672 705 privilegiorum
684 682 807 705 predictorum
820 686 872 700 tenor
882 686 899 699 et
912 689 956 700 usus
969 683 986 700 in
998 683 1042 700 dicta
1053 683 1096 700 curia

179 716 247 739 absque
257 716 339 738 cujusvis
349 715 466 738 malignitatis
480 716 566 739 scrupulo
579 722 610 733 seu
621 716 722 739 calumpnia
737 720 841 739 permaneat
853 716 872 733 in
881 716 967 737 suun-iun,
978 716 1039 733 iterato
1049 722 1096 738 super

178 750 212 766 hec
224 753 241 767 et
255 749 277 766 ad
290 750 324 766 hec
339 749 442 773 specialiter
455 752 475 766 ut
488 749 543 766 moris
556 753 583 767 est
595 749 617 766 ad
630 750 790 773 congregationem
806 749 910 773 generalem
923 749 941 766 in
954 750 1029 773 capitulo
1042 755 1096 772 supra·

179 784 227 801 dicto
237 783 331 801 convocati
343 786 429 801 statutum
441 783 562 806 approbantes
574 783 684 800 antedictum
694 783 743 801 aliud
754 783 812 800 eidem
825 784 924 801 adicientes
935 784 1026 807 perpetuis
1036 787 1096 806 tempo-

178 817 229 835 ribus
240 817 292 834 etiam
305 817 444 834 observandum.
459 817 512 839 Quod
525 816 586 834 nullus
599 817 685 834 videlicet
698 817 784 840 magister
797 820 827 834 aut
840 817 915 834 scolaris
925 817 947 834 de
958 820 1018 834 nostra
1029 817 1096 834 Univer-

179 851 237 868 sitatis
250 850 320 874 gremio
330 850 413 867 existens*
421 850 491 867 litteras
501 850 591 867 citatorias
601 850 706 867 auctoritate
720 850 865 867 conservationis
875 850 955 873 predicte
965 851 1096 874 qualescunque,

179 884 274 901 occasione
287 883 373 901 videlicet
385 883 463 906 pedagii=
474 883 590 900 extractionis
601 887 650 901 extra
662 889 725 900 muros
737 884 858 905 Parisienses,
868 889 924 907 super
935 884 1015 901 advocati
1027 884 1053 900 vel
1062 889 1096 906 pro-

179 917 267 934 curatoris
277 917 378 940 patrocinio
388 917 406 933 in
417 917 464 934 dicta
475 917 525 934 curia
533 916 562 934 vel
573 917 673 934 secundum
683 920 769 938 anteacta,
780 920 810 934 aut
820 917 864 934 alias
876 917 1017 940 quomodolibet,
1027 923 1048 934 ex
1056 922 1097 934 nunc

179 951 197 967 in
211 954 261 967 antea
280 950 314 967 sub
329 953 416 973 perpetue
431 950 537 973 privationis
554 956 599 973 pena
612 957 621 967 a
638 953 699 967 nostra
714 950 836 968 Universitate
849 954 952 971 memorata,
964 950 1072 967 libertatibus
1083 953 1098 967 et

179 984 322 1001 immunitatibus
336 984 425 1007 ejusdem,
439 984 536 1006 impetrare
550 983 679 1006 quoquomodo
694 987 806 1006 presumant,
818 984 854 1000 nisi
869 984 952 1006 primitus
965 987 983 1000 et
994 987 1033 1000 ante
1046 983 1097 1000 omnia

179 1017 237 1040 ipsius
251 1017 326 1034 scolaris
340 1021 371 1034 aut
382 1017 465 1040 magistri
479 1017 565 1040 petitione
578 1023 637 1034 cot-ain
651 1016 705 1033 nohis
718 1016 763 1034 lecta
773 1020 791 1034 et
801 1017 882 1039 exposita
893 1023 925 1040 per
936 1020 1023 1034 rectorem
1033 1017 1061 1040 qui
1070 1022 1097 1039 pro

179 1054 260 1073 tempore
275 1050 335 1071 suerit,
348 1054 366 1067 et
379 1050 506 1067 informatione
521 1056 553 1072 per
566 1056 599 1067 nos
613 1056 645 1067 seu
658 1050 755 1072 deputatos
768 1056 778 1066 a
790 1049 844 1067 nobis
857 1056 913 1072 super
925 1056 944 1067 ea
958 1050 1050 1067 sufficienti
1063 1056 1098 1072 pre-

178 1083 245 1104 habita,
255 1083 294 1105 ipsa
307 1083 370 1106 petitio
381 1089 390 1099 a
401 1086 470 1100 rectore
482 1086 500 1100 et
509 1083 598 1105 deputatis
608 1089 617 1100 a
627 1083 682 1100 nobis
694 1083 778 1106 signetur
787 1083 873 1100 admissa.
886 1083 957 1105 Quibus
967 1083 993 1100 sic
1003 1083 1098 1100 deliberatis

179 1122 188 1132 a
200 1115 261 1136 nobis,
275 1116 347 1133 statutis
359 1119 377 1133 et
389 1116 485 1137 ordinatis,
498 1122 518 1133 ea
531 1122 563 1138 per
576 1116 690 1139 Radulphutn
704 1116 799 1133 Benedicti
811 1116 904 1139 publicum
917 1116 1014 1139 apostolica
1025 1119 1042 1133 et
1050 1116 1099 1139 impe-

180 1149 219 1165 riali
236 1149 341 1166 auctoritate
356 1152 374 1166 et
388 1148 441 1166 nohis
456 1149 535 1171 juratum
550 1149 639 1165 notarium
653 1149 710 1166 scribi
725 1149 856 1170 mandavimus,
873 1152 971 1172 nostroque
991 1149 1049 1172 sigillo
1064 1155 1098 1166 cum

180 1182 233 1205 signo
247 1185 265 1198 et
276 1181 411 1204 subscriptione
422 1182 505 1205 ejusdem
516 1182 537 1198 nd
548 1185 652 1204 perpetuam
664 1182 691 1199 rei
701 1182 805 1199 ineinoriam
817 1182 931 1199 communiri.
947 1183 1010 1199 Datum
1021 1186 1038 1199 et
1049 1186 1099 1200 aetum

179 1215 259 1232 Pal-isius
277 1215 295 1231 in
312 1218 375 1232 nostra
393 1215 536 1237 congregatione
551 1215 637 1237 predicta,
651 1221 698 1232 anno
711 1215 784 1232 Domini
799 1215 896 1232 millesimo
910 1216 1035 1232 trecentesimo
1048 1219 1099 1232 sexto-

179 1248 256 1269 decimo,
271 1248 371 1265 indictione
383 1253 412 1268 xv,
424 1247 453 1264 die
463 1248 513 1270 jovis
526 1251 566 1270 post
576 1248 720 1265 Conversionein
733 1248 780 1264 beati
795 1248 845 1265 Pauli
861 1248 937 1270 apostoli
951 1248 1034 1265 vicesima
1046 1248 1099 1271 quinm

179 1282 248 1299 mensis
259 1281 355 1301 Januarii¹,
368 1280 484 1304 pontificatus
497 1280 564 1297 domini
579 1280 666 1297 Johannis
680 1281 740 1298 divina
754 1281 868 1303 providentia
882 1287 927 1304 pape
939 1281 1020 1298 vicesimi
1032 1281 1099 1298 secundi

179 1320 226 1332 anno
238 1314 302 1337 primo.
