1273 1538
174 28 207 45 324
462 32 621 45 enan'ruzaniuu
638 33 733 45 UNIVERS.
751 33 816 45 ranis.
1047 25 1092 44 [1329

218 70 308 87 Volumus
322 75 395 93 quoque
410 73 522 93 receptorem
536 70 554 87 in
569 70 754 93 recompensationem
769 69 797 86 sui
811 69 879 87 laboris
891 69 909 86 xl
921 69 990 86 solidos
1003 69 1091 92 parisiens.

176 102 276 126 percipere,
287 109 334 126 quos
344 103 362 120 in
373 109 406 120 suo
416 106 500 125 compoto
511 103 612 120 desalcabit,

220 136 271 154 Item.
282 136 377 153 statuimus
394 135 442 158 quod
457 141 521 152 omnes
536 135 625 158 magistri,
639 135 661 151 ad
676 141 784 158 quecunque
794 135 852 152 officia
867 135 903 151 sint
912 134 971 154 electi.
981 135 1041 158 jurent
1049 135 1092 157 quod

176 168 248 186 stabunt
261 169 279 185 in
292 169 351 186 officio
365 174 399 186 suo
414 174 471 190 usque
487 168 509 184 ad
524 171 594 190 tempus
607 167 702 190 prefixum,
716 168 752 184 nisi
766 173 819 184 causa
833 167 912 190 legitima
927 167 1059 188 interveniente,
1073 168 1092 184 de

176 207 210 224 qua
223 201 333 219 tenebuntur
345 201 456 218 sufficienter
467 200 567 218 certificare
579 201 677 220 nationem.
691 203 708 217 et
720 200 769 223 quod
783 200 856 217 omnino
869 200 908 217 sine
918 200 979 217 fraude
989 203 1007 217 et
1015 200 1055 217 dolo
1064 206 1093 224 pro

176 234 261 251 omnibus
271 238 289 251 et
298 235 316 251 in
327 233 412 251 omnibus
422 233 444 250 ad
454 239 486 250 sua
497 233 555 250 officia
565 233 700 256 pertinentibus
709 233 732 250 ad
741 233 828 250 honorem
840 236 857 250 et
867 233 960 250 utilitatem
971 233 1045 250 nationis
1054 233 1093 250 fide-

176 268 217 285 liter
227 268 341 284 laborabunt.

221 300 310 316 Volumus
325 300 377 316 etiam
393 302 505 322 receptorem
519 299 587 322 jurare,
603 299 652 321 quod
667 299 689 316 de
703 299 778 322 pecunia
791 299 859 316 nationi
872 299 930 316 debita
941 299 985 316 nihil
995 299 1051 320 aeden
1066 300 1094 317 sed

177 339 210 350 neo
220 333 340 355 fidejussores
350 335 380 349 aut
390 332 440 349 vadia
451 332 535 355 recipietz
549 332 633 355 quodque
644 335 686 355 post
696 335 799 355 compotum
810 338 862 349 suum
873 332 918 350 intra
927 336 967 350 octo
977 332 1015 350 dies
1025 335 1056 349 tam
1067 339 1095 356 pro

177 365 233 383 scolis
244 371 296 388 quam
308 371 341 388 pro
353 365 394 382 aliis
406 365 473 382 debitis
486 365 564 383 nationis
577 365 675 382 satisfaciet
683 365 809 388 'hereditoribus
820 365 919 383 secundum
929 372 1015 383 summam
1027 367 1095 389 pecunie

178 399 196 416 in
209 404 244 421 qua
259 398 327 416 nationi
343 399 450 416 remanserit
467 398 566 422 obligatus.
583 398 673 416 Volumus
688 399 763 422 insuper
777 399 826 421 quod
841 399 858 415 in
875 399 921 416 exitu
940 399 967 416 sui
981 399 1033 416 officii
1048 402 1094 416 totam

178 432 279 455 pecuniam,
290 435 320 449 aut
330 432 363 449 alia
376 437 491 455 quecunque,
502 432 520 449 in
533 431 600 455 quibus
612 432 681 449 nationi
692 431 788 452 tenebitur,
800 432 863 449 reddat
873 432 975 449 successori
984 432 1002 449 in
1014 433 1096 455 presentia

178 465 263 482 nationis.

223 499 274 520 Item,
290 498 400 520 inhibemus,
416 505 438 516 ne
453 499 585 516 examinatores
600 499 758 516 determinantiunt
770 499 865 521 pauciores
876 504 927 521 quam
938 502 1013 522 quatuor
1022 499 1095 520 veltres,

179 535 236 550 ratum
246 532 325 549 habente
335 535 405 555 quarto.
416 538 469 549 suum
480 532 617 549 examinationis
628 532 707 549 officium
717 532 788 549 valeant
798 538 888 549 exercere.

223 566 274 585 ltern,
290 566 386 583 statuimus
400 565 449 588 quod
466 565 544 588 quilibet
558 569 665 588 procurator
680 566 698 582 in
713 571 744 582 sua
760 565 874 582 institutione
891 571 943 582 unam
961 566 1035 583 clavium
1050 565 1096 583 arche

178 599 257 616 nationis
272 599 360 620 retinens=
377 598 421 616 alias
435 599 481 616 duas
498 599 570 616 duobus
586 599 678 622 magistris
695 599 769 616 aliarum
787 599 890 616 dioceseum
905 599 1005 620 distribuat„
1018 599 1097 617 addentes

178 632 227 655 quod
242 638 282 649 cum
297 632 400 655 oportuerit
416 638 524 655 quacunque
539 632 561 649 de
578 638 632 649 causa
648 632 719 649 archam
737 632 815 655 aperire,
830 632 873 649 dieti
890 632 971 655 magistri
987 632 1098 656 personaliter

177 666 285 684 intererunt.
301 665 336 682 nisi
351 665 431 689 legitime
449 665 537 688 impediti.
555 666 596 687 Quo
610 671 653 683 casu
667 665 708 682 aliis
723 665 816 689 magistris
832 669 918 688 poterunt
933 665 1041 683 committere
1054 666 1097 683 vices

178 705 227 720 suas,
240 699 271 722 qui
284 704 317 716 nec
330 698 437 722 sigillahunt
449 698 527 722 aliquam
540 699 617 716 litteram
630 699 665 716 nisi
678 699 730 722 prius
742 699 806 716 lectam
819 699 837 716 in
850 699 929 720 natione,
939 705 972 716 nec
981 698 1046 722 aliquid
1055 699 1097 716 aliud

178 732 217 749 fieri
229 733 339 756 permittent=
350 732 399 755 qnod
411 732 461 755 prius
472 738 509 749 non
519 732 574 749 suerit
583 738 616 755 per
626 732 717 749 nationem
728 732 837 749 ordinatum.

223 766 274 787 Item,
289 772 312 783 ne
325 766 373 783 natio
387 769 449 783 nostra
462 766 481 783 in
495 766 551 783 scolis
564 769 580 783 et
591 766 631 783 aliis
646 766 739 789 penuriam
754 766 837 789 patiatur,
848 766 943 783 statuimus
955 766 1003 789 quod
1015 772 1045 789 pro
1055 765 1098 783 nullo

178 799 228 817 scole
243 799 337 817 solvantur
350 805 383 823 per
397 799 495 819 nationem.
509 799 545 816 nisi
558 799 644 816 continue
657 802 676 816 et
688 799 769 823 legitime
782 805 849 822 regens
861 799 915 816 suerit
927 805 935 816 a
948 799 1034 822 principio
1046 799 1099 822 magni

179 833 275 850 ordinarii¹
289 839 347 856 usque
361 832 384 850 ad
397 832 536 856 carnisprivium
549 832 572 850 ad
586 833 652 851 minus.
665 833 694 850 vel
706 832 751 850 alter
763 832 804 850 loco
815 833 850 854 sui,
861 836 879 850 et
890 832 953 850 habeat
963 833 1040 850 scolares
1049 832 1099 850 conti-

178 873 225 883 nuos
240 870 257 883 et
272 867 294 883 ad
309 866 440 889 proficiendum
455 866 533 887 habiles,
548 872 604 889 super
620 866 688 889 quibus
704 866 816 883 credendum
828 866 862 883 erit
875 866 987 883 bedelloruru
995 866 1099 889 juramentis,

178 900 231 917 etiam
244 900 279 917 nisi
292 900 352 917 scolas
363 903 404 917 ante
416 899 526 923 principium
537 899 580 916 dicti
593 899 653 923 magni
663 899 751 916 ordinarii
766 900 868 920 retinuerit,
881 903 898 916 et
911 899 1027 922 fidejussores
1036 905 1099 922 compe-

178 936 238 950 tentes
248 933 321 950 dederit
330 933 443 956 procuratori
454 933 540 950 nationis.

222 966 312 983 Volumus
327 967 403 990 insuper
417 966 467 989 quod
481 969 588 989 procurator
603 966 621 982 in
636 971 704 989 papyro
720 966 799 983 nationis
816 966 875 983 dictos
890 966 991 990 magistros„
1006 966 1034 989 qui
1048 966 1100 983 scolas

178 1000 227 1016 dicto
238 1000 293 1016 modo
303 999 418 1020 retinuerint,
429 1005 470 1016 cum
481 1005 543 1016 eorum
555 999 697 1022 fidejussoribus
708 1003 790 1016 teneatur
801 999 904 1022 registrare.

224 1033 306 1050 Dicimus
320 1039 392 1056 quoque
406 1033 466 1050 scolas
476 1039 485 1050 a
499 1033 572 1050 natione
585 1033 683 1050 solvendas
697 1033 737 1050 illas
751 1034 817 1054 solum,
831 1039 866 1056 que
879 1034 897 1050 in
907 1033 947 1050 vico
957 1033 1066 1055 straminum,
1076 1033 1100 1050 vel

179 1072 236 1090 prope
246 1066 314 1083 fuerint
324 1066 389 1083 situate
402 1070 420 1083 et
431 1067 454 1083 ad
468 1066 529 1083 nullos
541 1066 587 1083 alios
600 1072 645 1083 usus
658 1070 773 1090 preterquam
784 1067 806 1084 ad
816 1070 875 1084 actum
887 1067 959 1090 legendi
970 1067 997 1084 vel
1007 1067 1101 1090 disputandi

180 1100 271 1123 deputate.

202 1133 254 1154 Item,
269 1133 366 1150 statuimus
380 1133 430 1156 quod
445 1139 479 1150 nec
493 1133 542 1150 natio
558 1138 591 1150 nec
608 1133 712 1156 supposita*
731 1134 813 1156 ejusdem
830 1134 902 1157 possint
915 1134 982 1157 aliquid
999 1134 1021 1151 de
1035 1134 1101 1157 pecunia

179 1167 258 1184 nationis
273 1170 302 1183 aut
317 1167 339 1183 de
352 1166 393 1183 aliis
406 1166 535 1183 communibus
549 1166 664 1188 subtrahere„
675 1166 761 1188 alienare,
771 1171 802 1184 aut
815 1173 889 1190 quoquo
901 1168 954 1184 modo
967 1167 1009 1185 alias
1020 1167 1101 1188 ordinare,

180 1200 215 1217 nisi
226 1200 306 1223 predicta
317 1200 390 1217 natione
401 1200 515 1217 sufficienter
522 1203 584 1217 vocata
595 1200 617 1217 ad
627 1200 662 1217 hoc
672 1200 775 1217 faciendum
786 1201 890 1224 specialiter
900 1204 916 1218 et
926 1207 1017 1224 expresse„
1025 1201 1102 1218 addentes

179 1234 228 1256 quod
236 1240 269 1250 nec
277 1234 299 1250 de
305 1233 411 1256 hujusmodi
420 1233 496 1256 pecunia
505 1233 533 1250 vel
542 1233 583 1250 aliis
591 1233 720 1251 communibus
728 1234 747 1250 in
756 1237 838 1257 tempore
845 1234 957 1251 vacationum
966 1234 1061 1252 estivalium
1067 1234 1102 1256 (nisi

180 1273 244 1290 magna
258 1271 275 1285 et
290 1267 367 1284 evidens
381 1270 445 1290 urgeat
459 1267 568 1288 necessitas,
579 1273 614 1290 que
627 1270 668 1291 post
684 1267 788 1285 vacationes
803 1273 835 1291 per
849 1267 939 1285 nationem
951 1268 974 1285 ad
987 1267 1020 1285 hoc
1032 1271 1102 1285 vocatam

180 1301 208 1318 vel
219 1301 259 1324 ejus
270 1301 356 1324 majorem
367 1304 436 1324 partem
446 1301 564 1324 approbetur)
572 1301 638 1324 aliquis
648 1301 677 1319 vel
688 1301 743 1324 aliqui
751 1301 817 1318 audeat
826 1301 855 1318 vel
863 1302 940 1318 audeant
947 1301 1013 1325 aliquid
1022 1301 1102 1319 ordinare.
