1273 1538
176 65 221 83 1292]
371 70 394 81 An
411 69 464 81 Auno
481 69 597 81 uccnxxxvi
615 69 681 84 usque
699 70 722 81 Au
739 70 809 81 Aurum
826 70 897 82 necet.
1078 66 1099 82 57

175 107 275 130 provisione
289 105 392 128 hujusmodi
407 105 465 122 libere
480 105 538 122 facere
552 105 611 128 possit
625 109 643 122 et
657 105 738 128 preferre
755 111 810 122 unum
827 105 878 122 alteri
893 106 940 122 sicut
955 105 1019 123 Ordiui
1034 106 1100 123 viderit

174 139 262 161 expedire.

216 171 243 188 Ad
254 171 361 188 otiositatem
372 173 431 187 autem
445 170 534 187 vitandam
550 170 628 187 lectores
643 170 731 192 incipiant
743 170 806 193 legere
819 176 828 187 a
842 170 888 187 sesto
902 170 959 187 sancti
972 170 1069 192 Francisei,
1082 175 1100 188 et

174 210 229 226 usque
244 204 264 220 ad
279 204 374 220 terminum
390 203 418 219 sui
433 203 550 225 provincialis
563 203 641 226 Capituli
657 203 759 220 ordinarias
774 203 880 220 continuent
894 203 988 219 lectiones⁴
1000 203 1099 220 Arceantur

174 239 229 253 autem
244 241 307 252 ornnes
319 235 381 253 clerici
394 236 458 252 fratres
473 235 496 252 ad
509 236 613 258 ingressum
628 236 718 252 scolarum
732 242 772 253 cum
788 242 824 252 non
835 236 902 252 suerint
915 236 961 252 eirca
972 236 1051 258 injuncta
1064 236 1099 252 sihi

174 269 228 286 officia
242 269 328 291 occupati.
339 270 361 285 Et
374 269 405 291 qui
418 268 504 285 otiositati
519 269 575 285 dediti
589 269 656 285 suerint
671 269 721 291 gravi
736 269 856 291 subjiciantur
869 269 966 291 discipline
979 269 1007 285 vcl
1022 269 1045 285 ‹le
1059 269 1099 285 loco

174 302 226 318 studii
236 302 343 318 emittantun
355 301 475 324 Temporibus
486 301 537 318 etiam
549 301 660 318 vacationum
672 305 761 324 cogantur
770 302 835 318 fratres
847 302 908 318 clerici
920 301 1012 324 aliquibus
1025 301 1100 318 utilibus

173 334 278 351 lectionibus
293 334 382 356 occupari<
397 334 438 350 Jura
453 339 497 350 vero
511 337 528 350 et
541 334 665 356 philosophica
681 334 698 350 iu
712 334 768 351 scolis
782 334 874 357 theologie
888 334 910 351 ab
923 334 986 351 eodem
1001 334 1069 351 lectore
1082 337 1100 351 et

175 366 234 383 eodem
246 370 324 389 tempore
337 373 373 383 non
386 366 475 389 legantur„
487 367 519 383 sed
532 367 574 383 alibi
587 370 605 383 et
615 367 658 383 alias
669 367 700 383 ubi
710 367 765 384 suerit
774 370 891 389 oportunum,
902 367 996 384 Seculares
1007 371 1065 384 autem
1078 367 1100 383 ad
1110 373 1111 376 ¹

174 399 274 421 hujusmodi
287 399 375 416 lectiones
391 399 494 415 nullatenus
510 399 632 419 admittantur,
646 405 679 416 nec
691 399 760 416 ratic-ue
773 399 878 422 hujusmodi
891 400 946 416 studii
959 400 980 416 ab
993 400 1100 416 humilitatis

174 432 264 454 obsequiis
274 435 291 449 ct
301 432 367 448 divinis
378 431 441 448 officiis
452 432 562 452 eximantur3
573 435 656 455 parcatur
667 435 726 449 tamen
734 432 834 454 juvenibus
844 438 853 449 a
864 432 954 449 discursu.

216 464 258 481 ltciu
273 456 355 481 inittendi
370 464 450 481 Parisinus
467 464 489 480 ad
506 464 585 481 studium
603 464 689 486 generale
705 464 762 486 primo
777 468 896 481 exerceantur
911 464 968 481 tribus
985 465 1014 481 vel
1029 465 1101 481 duobus

173 497 222 513 annis
232 500 272 519 post
282 497 386 514 novitiatum
399 497 417 513 in
430 497 490 519 aliquo
504 497 565 513 studio
579 497 671 519 provincie
684 503 717 513 sue
731 497 759 514 vel
773 497 839 518 vicine,
850 497 885 514 uisi
896 497 940 514 adeo
951 497 1024 514 litterati
1034 497 1101 514 suerint

173 529 219 552 quod
233 533 273 552 post
287 530 391 546 novitiatum
407 530 494 546 continuo
509 530 581 552 possint
594 530 647 546 1111111,
661 530 701 546 Non
718 529 812 546 mittantur
829 533 887 546 tamen
905 530 940 546 nisi
956 530 979 546 dc
993 530 1099 546 auctoritate

175 562 249 578 ministri
263 568 303 578 cuin
317 562 393 579 consilio
407 565 425 579 ct
437 568 514 579 assensu
528 562 606 584 Capituli
619 562 743 584 provincialis.
755 562 805 579 Idem
816 562 893 579 dicimus
909 562 931 579 de
944 562 980 578 11115
992 562 1023 584 qui
1036 562 1057 579 ad
1068 562 1102 579 alia

174 595 230 611 studia
240 595 330 617 generalia
341 600 455 617 quocumque
466 595 518 611 titulo
529 595 681 612 transmittuntur.
692 595 784 615 [Ordinut'
795 595 847 611 etiam
861 595 952 617 generalis
965 595 1048 611 minister
1061 601 1101 611 cum

174 627 253 649 Capitulo
263 627 344 649 generali
354 627 403 649 quod
415 627 433 643 111
446 627 495 643 0111111
508 627 597 644 electione
610 627 722 644 studentium
733 626 755 643 ad
768 627 847 649 predicta
858 627 950 649 generalia
960 627 1019 644 studia
1030 627 1102 644 initten-

174 659 234 675 dorum
245 665 315 682 semper
325 665 357 682 per
367 659 413 676 viam
424 659 520 681 scruptinii
530 659 650 681 procedatur}
662 659 691 675 llIi
703 663 762 676 autem
775 660 806 682 qui
818 660 913 676 mittuntur
925 660 1006 676 Parisinus
1019 660 1103 676 studeant

174 695 247 713 quatuor
261 692 312 708 annis
327 692 349 708 ad
363 692 430 713 minus,
443 692 479 708 nisi
493 691 538 708 adeo
554 692 634 714 provecti
651 691 726 712 suerint,
739 692 787 712 quod
803 692 867 708 merito
880 692 986 714 judicentur
1000 692 1066 714 ydonei
1081 691 1103 708 ad

174 724 250 741 doctoris
267 724 343 741 officium
361 724 494 746 exequendum.
512 724 564 741 Circa
582 724 680 741 mittendos
697 727 755 741 autem
774 725 876 741 attendatur
893 724 941 746 quod
959 725 995 741 sint
1009 725 1031 741 ad
1048 724 1103 746 profi—

174 757 253 773 ciendum
266 756 343 778 habiles,
356 756 412 773 sortes
425 762 508 779 corpore,
523 756 627 779 eloquentie
639 756 687 773 bone
700 759 718 773 et
730 757 874 774 conversationis
887 757 969 778 honeste,
982 763 1017 774 uon
1028 760 1103 774 conten-

174 789 220 809 tiosi,
231 789 262 806 sed
273 789 324 806 mites
335 793 352 806 et
362 789 432 812 pacifici
444 789 492 805 inter
501 789 572 806 fratres.
586 790 690 806 Teneantur
700 792 758 806 autem
770 790 834 806 fratres
845 790 915 806 mittere
926 789 967 806 illos
978 795 1024 811 quos
1032 789 1103 812 judiea-

173 822 229 838 veriut
239 822 295 844 magis
305 822 387 844 ydoneos
397 822 497 838 secundum
508 822 624 838 conditiones
632 822 737 844 premissas⁴
746 822 800 843 Quod
808 822 823 838 si
832 822 925 844 contingat
933 821 998 838 fratres
1009 822 1031 838 tle
1041 822 1102 844 aliquo

174 854 251 877 generali
261 854 321 871 studio
331 855 353 871 ad
364 854 466 871 Parisieusc
476 855 504 871 vel
517 854 566 871 aliud
579 854 659 871 studium
672 854 758 877 generale
771 854 871 874 transferri,
882 854 965 871 minister
975 854 1067 877 provincie
1080 855 1102 871 de

174 893 206 909 qua
217 887 312 903 recesserit
321 887 404 903 ministro
415 886 475 903 fratris
486 886 535 903 1111115
545 886 667 903 transferendi
678 886 793 903 conditiones
804 887 843 908 ejus
854 892 919 909 graves
929 890 947 903 et
958 892 1045 903 excessus
1056 890 1104 903 nota-

174 919 218 936 biles
232 919 247 936 51
261 925 307 942 quos
323 919 346 936 de
361 919 392 936 illo
406 919 477 935 noverit
493 919 573 935 scrihere
588 922 677 935 teneatur.
693 919 711 935 Si
726 922 785 935 autem
803 919 868 935 fratres
881 919 958 941 aliquem
974 919 1056 935 miserint
1073 919 1103 941 qui

175 955 245 975 propter
255 952 336 968 desectus
348 951 438 968 notabiles
448 951 471 967 sit
481 951 576 974 indignus,
587 951 646 968 tribus
656 951 722 968 diebus
732 951 751 968 111
761 957 807 973 pane
819 954 886 967 tantun!
900 954 917 967 et
929 957 973 973 aqua
984 951 1068 973 jejunent
1078 951 1104 967 illi

174 984 241 1001 scilicet
251 984 272 1001 de
283 990 360 1007 quorum
370 984 447 1000 consilio
458 987 486 1000 cst
496 984 620 1000 transmissus.

216 1017 275 1033 Possit
285 1020 344 1033 autem
354 1016 435 1039 quelibet
445 1016 538 1038 provincia
548 1016 615 1033 hahere
626 1016 673 1033 111105
683 1016 779 1033 studentes
787 1016 868 1033 Parisins
876 1016 916 1032 sine
924 1016 983 1039 aliqua
992 1016 1104 1038 provisione,

174 1049 238 1071 quibus
248 1049 364 1071 provideatur
373 1049 392 1065 in
403 1048 455 1064 libris
465 1048 566 1065 seeundum
577 1048 671 1065 arbitrium
682 1048 801 1071 provincialis
811 1048 890 1070 Capituli
901 1051 918 1065 et
928 1049 1013 1065 ministri.
1024 1048 1105 1070 Quilibet

173 1087 215 1098 vero
227 1081 302 1098 studens
312 1081 391 1098 Parisius
402 1081 424 1097 de
434 1081 491 1104 gratia
502 1086 527 1097 xn
537 1081 593 1098 libras
603 1081 700 1103 parisiens*
712 1084 797 1103 procuret
810 1087 843 1103 pro
857 1084 957 1098 conventus
970 1081 1028 1104 ipsius
1041 1087 1104 1098 neces-

174 1114 254 1131 situtibus
264 1114 359 1136 assignari⁴
368 1114 441 1134 [Verum
452 1114 494 1136 quia
504 1114 580 1136 pecunia
589 1114 606 1130 in
617 1119 676 1136 regno
686 1114 761 1130 Francie
772 1117 801 1130 est
807 1117 874 1131 mutata
884 1117 901 1130 et
909 1117 1004 1136 propterea
1015 1114 1033 1130 in
1043 1114 1104 1131 valore

175 1152 209 1163 non
223 1147 311 1163 modicum
328 1146 422 1166 diminuta,
433 1146 505 1163 ordinat
517 1146 608 1169 generalis
624 1146 708 1163 minister
722 1147 744 1163 de
759 1147 852 1163 voluntate
864 1149 882 1163 et
896 1146 1009 1169 beneplacito
1025 1147 1104 1169 Capituli

174 1179 269 1201 generalis,
284 1178 333 1201 quod
349 1179 427 1201 quilibet
443 1179 520 1195 studens
537 1178 624 1202 deinceps
641 1179 723 1196 Parisius
740 1179 763 1196 de
777 1179 834 1202 gratia
849 1179 999 1196 transmittendus
1014 1180 1104 1202 assignari

174 1214 257 1234 procuret
269 1217 302 1233 pro
315 1211 456 1228 necessitatibus
469 1211 546 1233 predicti
560 1215 661 1228 conventus
676 1215 743 1228 tantum
759 1212 781 1228 de
795 1218 841 1228 nova
854 1212 930 1234 pecunia
944 1215 1029 1234 quantum
1045 1212 1104 1228 valere

174 1246 271 1260 noscuntur
284 1243 380 1260 duodecim
394 1243 440 1260 libre
456 1243 583 1266 parisiensium
596 1244 725 1266 antiquorum].
739 1245 844 1261 Teneantur
858 1247 917 1261 autem
931 1244 1025 1261 studentes
1038 1244 1056 1260 in
1070 1249 1104 1261 suo

174 1275 230 1293 reditu
241 1276 263 1293 de
273 1279 308 1293 tota
319 1282 351 1293 sua
364 1276 468 1299 provisione
479 1275 557 1293 reddere
567 1276 661 1293 rationem.
673 1277 695 1293 Et
705 1280 779 1294 caveant
790 1283 812 1294 ne
825 1277 934 1294 elemosinas
947 1276 982 1294 sibi
995 1276 1059 1293 missas
1071 1283 1103 1299 pro
1121 1295 1123 1297 ,

174 1308 224 1325 libris
238 1309 256 1325 111
269 1309 315 1325 alios
328 1315 373 1326 usus
387 1312 505 1330 commutent,
519 1315 552 1326 nec
565 1309 623 1326 libros
637 1309 677 1326 fieri
692 1309 758 1326 saciant
771 1310 862 1326 curiosos.
878 1310 927 1326 ldeni
942 1310 1007 1326 modus
1022 1313 1105 1326 teneatur

233 1338 248 1346 .-
257 1337 303 1349 ωιανι.
314 1337 354 1350 vnrv.
363 1337 410 1350 Paris.
419 1338 436 1352 11,
445 1338 456 1349 1,
1034 1338 1041 1350 s
