1273 1538
186 72 228 90 1322]
373 78 396 89 ΑΒ
413 77 465 88 ,simo
482 76 598 88 mcczxxxvt
616 75 682 90 nsqus
699 76 723 87 an
740 76 810 87 aunon
827 75 897 86 necet„
1067 69 1099 86 249

185 114 241 131 dictam
254 114 322 130 domum
336 113 407 129 nomine
421 112 464 129 dicti
477 112 576 134 Hospitalis
590 111 718 128 custodiebant
731 112 753 128 de
767 111 821 128 domo
835 111 873 133 ipsa
882 110 971 127 violenter
984 110 1098 133 expulerunt,

185 150 199 163 et
208 146 287 168 quosdam
298 146 327 168 qui
337 145 419 162 dicebant
429 151 449 162 se
459 145 539 161 scolares
550 144 677 161 Universitatis
688 144 797 161 Parisiensis
807 144 825 160 in
836 149 872 160 eam
884 143 1000 164 induxerunt,
1010 143 1099 160 hostium-

185 184 215 201 que
226 178 320 200 predictum
333 178 413 194 clausum
428 177 558 193 destruxerunt
569 177 587 193 in
601 183 664 193 eorum
677 177 746 199 grande
759 176 879 199 prejudicium
891 180 908 193 et
918 181 1020 199 gravamen,
1031 176 1098 192 dictum

185 210 267 232 Hospitale
278 216 308 226 sua
320 210 399 232 predicta
411 209 477 226 saisina
490 209 571 226 indebite
584 209 680 232 spoliando
690 213 708 226 et
718 209 773 226 eciam
784 209 803 225 iu
813 215 833 225 ea
843 208 972 232 perturbando.
986 209 1045 230 Quare
1055 209 1098 225 dieti

185 246 289 265 ..preceptor
298 245 334 259 et..
343 245 448 265 procurator
458 241 575 264 requirebant
584 247 617 265 per
627 242 694 258 dietum
705 255 715 258 ,,
725 242 838 265 prepositum
845 247 865 259 se
873 241 895 258 ad
903 241 987 258 saisinam
998 244 1016 258 et
1025 247 1099 264 posses-

184 275 245 292 sionem
255 275 299 291 dicte
309 275 372 291 domus
383 274 453 291 restitui
464 277 481 291 et
492 275 571 297 predicta
582 275 603 291 nd
614 278 680 291 statum
692 274 773 291 debitum
786 275 855 291 reduci.

221 307 246 324 Ad
259 313 291 329 que
304 307 375 329 quidem
390 307 438 329 quod
454 313 490 323 uon
506 307 594 324 deberent
607 307 653 328 fieri,
666 320 676 324 ,,
688 310 748 324 rector
761 308 887 324 Universitatis
900 308 996 324 scolarium
1007 307 1063 324 Paris.
1079 313 1099 324 se

182 345 273 362 opponens,
287 339 380 361 proposuit
394 339 442 361 quod
457 339 497 361 ipse
512 343 530 356 et
544 339 573 356 alii
589 339 731 362 predecessores
745 340 773 356 sui
786 340 913 357 Universitatis
926 340 1006 363 predicte
1019 343 1098 356 rectores

182 375 224 392 suuty
236 375 283 388 erant
295 375 312 388 et
325 372 395 388 fuerant
405 378 414 388 a
425 375 505 394 tempore
516 378 525 388 a
537 378 573 394 quo
585 372 672 388 memoria
687 378 724 388 non
739 372 800 389 existit
812 372 831 388 in
844 373 962 395 possessione
974 372 1098 395 cognoscendi

181 404 200 420 de
215 407 231 420 et
244 409 296 426 super
311 404 370 420 causis
388 404 522 420 habitacionuin
540 404 637 421 scolarium
654 408 672 421 et
688 404 829 427 inquilinatuutn
846 405 940 421 domorum
958 405 976 421 in
993 405 1064 422 civitate
1081 408 1099 421 et

181 436 264 452 suburbiis
280 436 334 452 Paris.
349 436 396 452 inter
412 441 536 458 quascumque
553 442 648 459 personas,
663 440 681 453 et
698 437 734 453 sibi
749 440 852 459 competere
866 440 883 453 et
895 437 962 454 habere
977 437 1097 454 omnimodam

178 468 312 490 jurisdictionem
325 468 343 484 in
355 468 456 490 premissis,
469 472 504 485 uun
518 469 656 491 privilegiorum
666 475 676 485 a
686 469 762 485 smnmis
775 469 892 491 pontificibus
906 472 923 486 et
936 469 1011 492 regibus
1024 470 1097 486 Francie

181 500 210 517 sibi
221 506 344 517 concessorum
357 504 446 523 pretextu,
459 506 512 523 quam
525 501 547 517 de
560 507 594 518 usu
607 504 625 517 et
637 501 772 517 consuetudine
785 501 862 518 notoriis
874 504 891 518 et
902 502 1008 522 manifestis,
1022 505 1039 518 et
1049 502 1097 524 quod

180 538 228 555 super
239 533 283 549 dicte
295 533 358 549 domus
371 533 481 549 habitatione
495 539 554 549 coram
568 539 590 550 eo
600 533 648 549 inter
660 533 767 555 magistrum
780 533 887 550 Micliaelem
900 534 922 550 de
933 534 1001 550 Sereno
1012 534 1068 550 Fonte
1081 537 1099 550 et

179 565 256 587 quosdam
270 565 313 582 alios
326 565 347 581 lis
361 568 408 581 mota
420 565 479 581 suerat
491 569 508 582 et
521 571 553 587 per
566 566 626 588 ipsum
639 571 672 588 pro
685 566 734 582 dicto
747 565 835 582 Miclmele
848 566 936 582 sententia
950 566 984 582 lata
996 571 1052 588 super
1064 565 1098 582 hoc

179 598 235 618 fuerat,
245 603 253 614 a
263 603 295 620 qua
305 597 377 614 minime
387 598 446 614 fuerat
455 597 571 620 appellatum,
585 598 645 619 Quare
655 597 691 614 hiis
702 601 719 614 et
729 597 769 614 aliis
785 597 889 614 raciouibus
899 598 938 620 ipse
949 598 1020 615 dicebat
1030 601 1098 620 partem

179 630 262 646 adversam
275 636 329 652 super
340 630 427 652 predictis
439 636 472 652 per
485 630 553 646 dictum
567 630 687 652 prepositum,
700 630 732 652 qui
745 630 835 646 dictorum
844 630 979 650 Universitatis,
992 630 1068 646 rectoris
1081 633 1099 646 et

180 662 265 678 scolarium
278 665 314 678 erat
328 665 419 685 protector
431 668 451 678 ac
465 667 540 678 suorum
554 662 693 684 privilegiorum
706 662 799 682 defensor,
810 662 868 678 audiri
881 668 917 678 nou
928 662 1003 682 dehere,
1014 668 1046 678 nec
1057 668 1098 684 pre-

180 694 220 711 dicta
232 694 269 711 sieri
283 695 416 717 quoquomodo.
431 694 503 716 Quibus
518 694 600 716 partibus
615 697 633 710 et
647 699 709 710 earum
724 694 826 711 rationibus
842 699 898 716 super
912 694 946 710 hoc
961 694 1033 714 auditis,
1049 694 1096 710 idem

179 727 272 749 prepositus
286 726 416 749 perjudicium
431 732 485 743 suum
500 726 627 749 pronunciavit
641 726 765 748 cognitionem
783 726 912 742 habitationum
927 726 1024 742 scolarium
1039 726 1095 742 Paris.

179 761 197 778 ad
212 761 272 778 dictum
289 765 375 778 rectorem
392 761 491 784 pertinere,
508 764 601 777 reservato
618 761 667 784 quod
685 761 700 777 si
717 761 761 777 dicti
778 760 893 783 Hospitalarii
910 760 928 776 iu
945 760 1025 782 predicta
1042 760 1096 777 domo

178 794 236 810 morari
251 793 338 814 volebant,
355 797 385 810 aut
401 794 457 816 ipsam
475 794 497 810 ad
515 793 568 810 vitam
583 793 613 810 vel
629 793 674 809 alias
688 793 739 815 justo
757 793 809 809 titulo
824 793 842 809 in
856 792 910 809 alium
929 793 1032 813 transferre,
1050 792 1096 809 illud

177 829 244 848 possent
256 826 296 848 jure
314 832 355 846 suo,
373 826 453 848 alioquin
471 825 552 842 scolares
569 826 587 842 in
605 825 690 842 domibus
707 831 716 841 a
734 831 754 841 se
771 825 875 845 conductis,
893 824 981 841 solvendo
1000 825 1094 841 domorum

177 858 246 880 ipsarum
259 858 335 875 dominis
349 858 456 880 pensionem
471 863 504 880 per
519 863 551 874 eos
565 858 587 874 ad
602 863 649 880 quos
663 857 742 880 pertinet
755 858 806 879 juste
821 857 919 877 taxandam,
933 857 999 873 morari
1013 860 1095 879 poteraut

178 893 192 906 et
204 890 292 906 debebant.
307 890 322 906 A
338 895 374 912 quo
387 890 468 912 judicato
486 893 570 911 tanquam
587 889 633 906 falso
648 892 665 906 et
683 895 738 911 pravo
750 902 761 905 .,
773 892 879 912 procurator
896 889 939 905 dicti
956 888 1055 911 Hospitalis
1072 889 1093 905 ad

177 925 246 938 nostram
258 922 322 939 curiam
335 922 436 944 appellavit<
449 922 523 938 Auditis
531 922 567 943 (sic)
578 922 634 944 igitur
647 922 666 938 in
679 922 728 938 curia
741 925 802 938 nostra
812 922 830 938 in
841 927 895 938 causa
907 921 954 938 dicte
966 921 1093 943 appellationis

176 954 218 971 dicto
229 957 346 976 procuratore,
361 954 445 976 dictoque
459 957 530 970 rectore
544 954 632 976 legittime
646 957 710 970 vocato
723 957 741 970 et
751 953 834 974 absente,
847 959 867 970 ac
879 959 966 976 processu
979 959 1033 970 cause
1046 953 1093 970 dicte

176 986 289 1008 appellationis
302 992 334 1008 per
346 986 413 1002 curiam
426 989 506 1002 nostram
520 990 593 1008 recepto
606 989 624 1002 et
636 986 737 1002 examinato
750 986 855 1008 diligenter,
866 991 898 1008 per
910 986 960 1002 curie
973 989 1035 1002 nostre
1043 986 1093 1008 judi-

175 1018 216 1034 cium
228 1018 290 1034 dictum
305 1018 338 1034 fuit
351 1018 452 1040 predictum
464 1031 474 1034 η
487 1019 598 1040 prepositum
615 1018 661 1035 bene
672 1018 766 1041 judicasse
781 1022 799 1035 et
813 1018 880 1035 dictum
897 1022 1031 1041 procuratorem
1047 1019 1093 1035 male

175 1050 271 1072 appellasse,
281 1053 298 1066 et
310 1050 357 1072 quod
367 1050 401 1066 hoc
411 1050 515 1067 emendabit
525 1051 584 1067 dictus
594 1051 707 1073 appelHans]⁴
718 1051 743 1068 V1
753 1051 783 1067 die
793 1051 862 1067 Marcii.

671 1088 693 1104 Gt
705 1088 808 1108 Duoeousss]
819 1089 934 1111 deportavit}

214 1134 248 1145 mi.
256 1136 281 1146 ml
288 1134 328 1146 raris.
336 1134 364 1146 xu.
373 1135 380 1146 5
386 1134 466 1149 (rarlemenz
476 1134 492 1146 τις
500 1134 542 1149 Parin,
550 1135 568 1146 1‘1
576 1135 637 1151 ammte
645 1135 667 1147 ‘12³
675 1135 725 1151 lugan),
734 1136 757 1147 εαι,
767 1135 794 1147 teo.
802 1142 818 1145 -
824 1136 844 1148 cr>
854 1136 920 1152 flumme
928 1139 968 1150 Acus
975 1138 995 1149 au
1004 1137 1090 1152 Pan-lemme,

174 1158 187 1167 nv
192 1156 223 1167 seve.

214 1196 224 1207 Ι.
230 1195 251 1207 tt».
260 1199 263 1207 t
271 1199 277 1207 α
284 1195 336 1207 νιιΙ-ἰῑαιε
343 1200 354 1208 r.

224 1338 238 1346 u
247 1337 291 1349 ehart.
302 1336 339 1349 Um'm
347 1337 394 1350 Paris.
404 1338 420 1353 11,
429 1339 440 1351 1<
1011 1346 1026 1358 3²
