1273 1538
187 59 228 77 1322]
372 65 395 75 Λιι
411 64 462 75 nmo
481 64 598 75 MCCLXXXV!
616 63 681 78 usqua
699 64 722 75 At>
739 64 808 75 aarum
825 64 895 75 necet..
1064 59 1096 75 257

184 140 232 158 813.
245 145 290 157 restes
295 144 360 162 producte
367 145 415 156 mmm
422 143 490 156 Iacobum
498 143 550 156 Felicia
557 143 608 156 msam
614 144 718 161 praenomen„
727 144 822 157 ωςιῑηωηιιιηι
830 144 896 162 optimu·
904 143 966 156 reddum
973 143 1021 156 dictae
1028 147 1065 157 rme⁴

725 201 762 215 7³22.
770 201 828 213 octubrls
835 201 872 215 8-737
879 200 954 217 [Padslis]

222 232 310 255 lnquisitio
319 233 390 249 testium
400 235 461 248 contra
471 231 555 248 Jacobam
566 231 638 248 Felinie.

221 266 279 282 Testes
291 265 371 287 producti
383 270 442 281 cortun
457 264 510 281 nobis
523 264 603 281 ,Iohanne
618 265 640 281 de
650 264 697 281 Villa
711 265 805 285 Purisiaca,
817 265 898 281 auditore
912 270 1005 281 causarum
1016 265 1034 281 in
1044 265 1092 281 curia

182 297 275 317 Pnrisiensi,
288 296 409 313 commissario
423 296 515 319 deputam,
530 299 569 317 eta„
584 302 639 319 super
654 297 772 319 inquisitione
787 297 868 313 facienda
884 297 906 314 ad
921 297 1023 314 instantiam
1037 297 1093 319 magi-

182 333 251 346 stroriun
260 329 277 345 in
287 329 373 345 medicina
382 328 462 345 parisius
472 332 534 345 contra
544 328 627 345 Jacohnm
639 329 706 345 Felicie
716 332 734 345 et
744 328 789 345 alios
800 329 918 351 practicantes
928 330 946 346 in
957 333 994 346 arte
1004 329 1093 346 medicine

182 365 197 378 et
205 361 288 384 chirurgie
298 361 375 377 Purisius
388 364 406 377 et
418 361 436 377 in
446 361 539 377 suburbiis
550 361 590 377 sine
602 361 678 377 scientia
688 364 707 377 et
715 361 820 378 auctoritate
833 361 921 378 dictorum
934 362 1061 384 magistrorum
1072 362 1093 378 acl

182 394 229 410 finem
242 393 288 416 quod
301 394 402 415 puniantur,
414 393 554 416 practicatioque
566 393 669 410 inhibeatur
684 393 760 414 eisdem,
774 396 791 410 et
806 394 900 410 examinati
914 400 946 416 per
958 394 1057 411 Johanneni
1071 394 1093 411 de

183 426 267 446 Bethunia,
283 425 372 446 clericum,
390 425 411 442 de
431 425 523 442 voluntate
541 425 628 442 dictarum
649 426 725 448 partium
743 426 765 442 ad
782 425 815 442 hoc
835 426 938 448 deputatum
956 432 1002 443 anno
1021 427 1093 443 Domini

182 458 314 478 M⁰CCC⁰XX11‘’,
325 458 388 474 diebus
399 458 526 480 infrascriptis,
537 463 592 480 super
601 458 683 474 articulis
694 461 711 474 et
721 458 867 480 interrogatoriis
879 459 955 480 partium
966 459 1092 481 predictarum,

182 496 249 512 quorum
259 493 329 507 tenores
339 490 440 506 immediate
450 493 539 512 sequntur
549 490 567 506 in
577 490 625 506 hunc
636 490 716 506 modum

220 522 310 539 intendunt
325 522 399 544 probare
414 522 494 538 decanus
507 525 525 538 et
538 522 620 544 magistri
634 522 723 539 facultatis
739 522 828 539 medicine
843 523 923 539 Parisius
935 526 1020 545 regentes
1032 526 1094 539 contra

181 555 260 571 dominam
276 554 357 571 Jacobam
375 554 440 570 Felicie
457 560 513 575 ream,
528 555 550 576 (1)
564 554 613 577 quod
626 554 673 571 dicta
687 554 753 571 Jacoba
768 555 848 571 Par-isius
863 558 879 571 et
894 555 912 571 in
925 554 1018 571 suburbiis
1032 555 1095 577 plures

181 587 252 603 insu-mos
261 587 309 609 gravi
318 587 419 603 infirmitate
432 586 536 603 laborantes
546 587 631 607 visitavit,
642 587 704 603 urinas
717 593 779 603 eorum
791 590 824 604 tam
836 587 946 609 conjunctim
959 593 1011 609 quam
1022 587 1094 604 divisim

180 619 250 636 videndo
259 619 330 641 pluries,
343 619 411 641 pulsus,
422 624 488 641 corpus
500 622 517 635 et
525 619 604 635 membra
615 619 714 641 tangendo,
725 619 815 642 palpando
825 622 843 635 et
855 619 940 636 tenendo,
955 620 1005 639 Item,
1014 620 1036 641 (2)
1046 619 1094 642 quod

180 655 216 674 post
229 651 327 673 hujusmodi
342 651 429 668 visionem
444 651 537 667 urinarum
553 654 569 667 et
584 654 649 668 tactum
665 651 737 668 dicebat
747 655 764 668 et
774 652 818 668 dixit
833 652 878 674 ipsis
893 651 981 668 infirmis:
993 652 1050 674 «Ego
1062 658 1094 668 vos

180 683 245 704 sanabo,
255 684 291 700 Deo
300 684 357 704 dante,
369 683 384 700 si
395 683 448 700 michi
459 683 575 700 credideritis
584 690 599 704 »‚
610 687 681 706 pactum
691 684 714 700 de
724 690 767 700 cura
778 690 818 700 cum
830 684 856 700 eis
866 684 949 700 faciendo
960 687 978 700 et
989 684 1095 706 recipiendo

179 716 216 732 inde
226 716 319 738 pecuniam*
331 717 380 736 lteui,
391 716 413 737 (3)
423 716 471 738 quod
483 716 603 733 conventione
613 716 658 733 sacta
669 716 716 733 inter
726 716 791 733 dictam
803 722 850 732 ream
864 719 882 732 ct
895 716 977 732 infirmos
990 719 1019 732 aut
1031 722 1094 732 eorum

179 748 237 764 amicos
250 748 270 764 de
284 748 361 765 curando
372 754 404 764 eos
414 748 436 764 ab
448 753 511 764 eorum
525 748 628 765 infirmitate
640 748 739 765 intrinseca
750 752 803 771 atque
813 748 865 771 plaga
878 754 910 764 seu
921 748 1033 771 apothemate
1045 751 1094 765 extra

179 780 294 803 apparentibus
307 781 324 797 in
338 780 445 803 corporibus
458 779 548 797 dictorum
564 781 684 801 infirmorum,
699 781 746 797 dicta
762 787 791 797 rea
807 781 865 797 dictos
882 780 964 797 insu-mos
978 780 1061 797 visitabat
1078 784 1096 797 et

178 813 238 829 visitat¹
253 813 318 835 pluries
333 813 405 830 assidue
420 816 436 829 et
451 813 537 830 continue
552 819 616 830 eorum
630 813 693 829 urinas
708 813 730 830 ad
745 813 818 829 modum
834 813 943 835 phisicortun
956 816 973 829 et
983 813 1094 829 medicorum

177 845 247 862 videndo
260 849 276 862 et
289 846 376 868 palpando
389 845 460 867 pulsum
474 851 495 862 ac
509 851 576 868 corpus
587 849 604 862 et
614 845 695 864 membra
706 851 770 862 eorum
783 846 874 868 tangendo
885 848 902 862 et
913 845 998 862 tenendo<
1009 846 1061 866 Item,
1074 846 1095 867 (4)

178 880 193 893 et
203 877 246 899 qnod
256 881 295 899 post
304 877 336 894 hec
346 881 390 894 tacta
403 881 420 894 et
432 881 469 894 acta
484 878 537 894 dictis
551 877 629 894 infirmis
642 877 693 894 dedit
704 881 722 894 et
734 878 764 894 dat
776 878 860 900 cirupos‘
870 877 892 895 ad
905 877 1010 900 potandum,
1023 878 1096 894 confor-

177 910 247 930 tativum,
257 910 355 931 laxativum,
367 910 484 932 digestivum,
493 912 540 930 [tam]
548 910 637 932 liquidum
649 916 703 932 quam
713 916 750 926 non
758 910 854 932 liquidum,
864 913 881 926 et
888 910 1011 930 aromaticum,
1022 913 1040 926 et
1050 910 1095 926 alios

177 945 230 964 potus,
239 948 282 964 quos
294 942 365 965 capiunt
376 945 394 958 et
406 945 469 964 potant
480 948 500 958 ac
511 945 620 964 potaverunt
630 942 700 964 pluries
713 948 746 965 per
756 948 777 959 os
789 948 852 959 eorum
864 942 882 958 in
895 942 986 964 presentia
998 942 1045 958 dicte
1058 948 1095 963 ree,

176 974 210 996 ipsa
220 974 249 991 hec
260 975 368 997 precipiente
379 978 397 991 et
409 974 468 991 dante.
483 975 566 996 1tem,(5)
578 975 627 997 qnod
641 980 697 997 super
711 975 807 997 premissis
819 974 888 997 pluries
903 975 984 991 exercuit
995 977 1012 991 et
1025 978 1096 991 exercet

177 1005 252 1022 continue
263 1006 340 1022 Parisius
350 1009 368 1022 et
378 1005 395 1022 in
404 1005 498 1022 suburbiis
507 1006 546 1028 ejus
559 1005 655 1028 practicale
667 1006 745 1022 officium
759 1006 856 1026 medicine,
869 1006 973 1028 practicavit
983 1009 1001 1022 et
1011 1006 1096 1028 practicat

176 1038 196 1054 de
205 1038 231 1054 die
245 1038 261 1054 in
275 1038 327 1058 diem,
340 1038 383 1055 licet
394 1044 431 1054 non
444 1038 500 1054 suerit
511 1038 610 1060 approbata
620 1038 638 1054 in
649 1038 710 1060 aliquo
722 1038 783 1055 studio
799 1038 876 1054 solemni
891 1038 972 1055 Parisius
985 1042 1002 1055 et
1014 1038 1064 1059 alibi,
1078 1042 1096 1055 et

176 1070 210 1086 sine
224 1070 291 1087 licentia
304 1070 405 1087 cancellarii
422 1070 500 1087 ecclesie
512 1071 622 1087 Parisiensis
637 1070 765 1093 dictorumque
780 1070 844 1087 decani
858 1074 876 1087 et
888 1071 1023 1093 magistrorum*
1042 1072 1093 1091 Item,

175 1103 194 1124 46}
202 1102 245 1125 quod
254 1102 287 1119 hoc
296 1102 336 1119 facit
348 1106 409 1119 contra
417 1103 458 1124 jum
473 1108 495 1119 ex
505 1108 541 1125 quo
552 1108 588 1119 non
603 1103 637 1119 suit
649 1108 683 1119 nec
696 1106 725 1119 est
737 1102 841 1125 approbata,
855 1106 872 1119 et
884 1103 933 1125 quod
945 1103 979 1120 suit
991 1104 1059 1120 monita
1071 1103 1094 1119 de

176 1135 249 1151 mandato
261 1135 366 1152 venerabilis
380 1135 414 1151 viri
428 1135 511 1151 officialis
526 1135 635 1152 Pnrisiensis
651 1135 685 1151 sub
701 1141 747 1158 pena
761 1136 954 1153 excommunicationis
969 1139 986 1152 et
1001 1136 1093 1158 sexaginta

175 1167 251 1184 librarum
265 1167 357 1189 parisiens.
373 1173 395 1184 ne
410 1167 496 1184 decetero
511 1167 592 1184 Parisius
607 1171 624 1184 et
639 1167 658 1183 in
673 1167 767 1184 suburbiis
782 1168 895 1190 practicaret,
910 1172 930 1184 ut
944 1168 1061 1190 premittitur,
1076 1171 1094 1184 et

174 1200 233 1216 faceret
245 1200 278 1216 sub
291 1200 342 1222 penis
356 1199 458 1220 antedictis,
473 1205 515 1216 cuni
529 1205 563 1216 nec
576 1200 668 1216 licentiata
684 1206 718 1216 nec
736 1200 833 1222 approbata
851 1206 860 1216 a
877 1200 958 1222 predicto
976 1200 1091 1220 cancellario,

173 1232 233 1249 decano
242 1237 272 1248 seu
283 1232 379 1255 magistris,
386 1235 404 1248 et
414 1231 467 1248 etiam
478 1231 513 1248 sibi
523 1232 577 1248 suerit
588 1232 692 1255 specialiter
703 1232 787 1249 inhibitio
798 1233 854 1253 [sacta]
864 1238 887 1249 ne
897 1232 949 1249 aliter
959 1232 1051 1253 deeetero,
1059 1234 1091 1249 etc.

173 1264 218 1285 Item,
227 1265 246 1286 (7)
256 1264 302 1287 quod
312 1267 370 1287 spreta
381 1264 485 1287 hujusmodi
498 1264 598 1282 monitione
611 1268 629 1281 et
641 1264 750 1281 inhibitione
763 1264 798 1281 sibi
811 1265 870 1286 sactis,
880 1264 926 1282 diem
937 1270 967 1281 rea
977 1270 1014 1281 non
1027 1270 1092 1287 appro—

172 1296 207 1313 bata
216 1302 245 1314 seu
254 1296 339 1314 licentiata
350 1303 359 1314 a
369 1297 422 1314 dictis
433 1297 517 1319 personis
528 1298 615 1318 Parisius,
624 1301 643 1314 ut
654 1298 770 1320 premittitur,
779 1301 797 1314 et
807 1298 825 1314 in
836 1297 929 1314 suburbiis
939 1298 979 1319 ejus
987 1297 1092 1320 practicavit

226 1327 240 1335 n
247 1325 292 1338 ι’)ιανι
302 1325 341 1338 υπίυ.
349 1325 395 1338 Paris.
404 1325 421 1339 Π,
430 1325 441 1337 1v
1014 1326 1029 1337 ³³
