1273 1538
190 48 233 68 1331]
379 54 402 66 An
418 53 471 65 amm
488 53 604 65 necnxxxw
621 53 688 67 usqua:
704 53 728 64 an
744 54 814 65 aarum
830 54 901 65 necet..
1069 48 1102 66 357

189 98 206 109 ac
215 91 282 109 testium
292 91 445 114 infrascriptorum
455 90 477 107 ad
487 90 520 107 hec
530 93 633 107 vocatorum
644 93 662 107 et
672 93 782 113 rogatorum,
793 93 867 113 propter
879 90 912 107 hoc
925 90 1044 113 personaliter
1058 97 1102 107 con-

189 126 255 143 stitutus
268 125 356 142 discretus
367 124 394 142 vir
408 124 494 147 magister
509 123 620 147 Reginaldus
634 124 656 140 de
671 123 787 144 Cornemare,
804 124 890 147 magister
902 123 920 140 in
933 124 1027 144 medicina,
1042 124 1100 141 locum

189 163 245 176 tenens
255 158 315 175 decani
325 158 412 175 facultatis
423 157 512 174 medicine
522 161 540 174 et
549 157 584 174 sibi
595 157 720 174 adherentium
730 160 748 174 et
759 157 847 174 adherere
857 155 955 174 volentium
968 157 987 174 in
999 157 1030 174 hac
1045 161 1100 180 parte,

188 192 283 215 provocavit
293 195 310 208 et
319 191 414 215 appellavit
426 191 449 208 ad
463 194 542 208 sanctam
553 191 614 208 sedem
627 191 744 214 apostolicam
759 194 777 208 et
790 191 884 214 apostolos
898 191 948 214 petiit
963 197 1002 208 cum
1018 191 1101 208 instantia

188 225 218 242 sihi
227 225 262 242 dari
271 231 280 242 a
289 225 336 242 dicto
345 225 452 242 cancellario
463 228 516 248 prout
526 228 544 241 et
553 224 653 241 secundum
664 224 713 247 quod
723 225 742 241 in
751 225 826 248 quadam
838 225 941 248 pergameni
949 225 1012 242 cedula
1021 230 1053 247 per
1060 231 1101 242 eum

187 259 234 276 michi
243 259 309 276 notario
320 259 391 282 publico
403 259 518 282 infrascripto
534 259 597 276 tradita
610 262 628 276 et
643 265 695 282 quam
710 265 742 282 per
757 265 785 276 me
800 259 836 282 legi
851 259 931 282 precepit
947 262 989 276 tunc
1002 263 1020 276 et
1033 258 1101 276 ibidem

186 292 250 316 plenius
264 292 369 309 continetur.
387 292 444 315 Cujus
458 292 524 309 cedule
542 292 607 310 dictam
623 292 762 315 appellationem
780 298 812 309 seu
829 293 975 316 provocationem
990 293 1101 310 continentis

185 329 232 343 tenor
240 326 318 343 noscitur
328 332 368 343 esse
378 325 425 343 talis.

224 367 232 375 ιι
244 359 287 377 Cuin
300 359 425 382 appellationis
439 365 471 377 seu
483 360 618 383 provocationis
631 360 731 377 remedium
743 360 761 376 in
772 359 875 377 subsidium
885 364 903 377 et
912 360 1014 378 relevamen
1026 367 1101 384 oppres-

186 399 239 410 sorum
248 398 278 410 seu
288 393 364 416 opprimi
373 392 497 410 verisimiliter
508 393 608 410 timentium
616 399 625 410 a
634 393 691 410 sacris
701 393 802 410 canonibus
812 393 835 410 sit
845 393 941 415 indultum,
949 397 967 410 et
974 394 996 411 ad
1004 395 1100 411 Romanam

186 426 270 443 ecclesiam
280 429 353 443 matrem
364 426 443 443 omnium
454 430 472 444 et
481 427 585 450 magistram
596 427 655 450 possit
665 427 759 450 provocari
769 430 787 444 et
797 427 890 450 appellari,
901 430 920 444 ut
929 427 996 450 injuste
1005 428 1074 450 gravat-i
1084 431 1101 445 et

186 460 260 483 oppressi
270 466 301 477 seu
311 460 388 483 opprimi
401 460 525 477 verisimiliter
538 460 640 477 dubitantes
651 460 691 483 ejus
702 460 789 477 uberibus
800 460 901 477 nutriamur
914 464 931 477 et
944 466 952 477 a
966 461 1101 483 gravaminibus

185 493 233 510 illatis
244 499 275 510 seu
288 493 339 510 etiam
353 493 453 510 inferendis
466 493 587 510 defendantur
602 500 621 511 ac
635 494 687 510 etiam
701 496 795 515 tueantur;
811 493 853 510 hine
869 497 897 510 est
909 493 958 517 quod
972 500 1012 510 cum
1031 494 1053 511 ad
1067 500 1101 511 nos

184 527 262 544 decanum
272 530 289 543 et
298 527 393 549 magistros
403 527 493 544 facultatis
504 527 593 544 medicine
603 527 712 544 Parisiensis
721 533 778 550 nuper
788 527 891 550 pervenerit
901 527 949 550 quod
957 527 984 544 vir
992 527 1101 544 venerabilis

184 563 200 577 et
208 560 291 577 discretus
301 560 385 583 magister
395 560 506 577 Guillelmus
519 560 542 577 de
556 560 659 581 Narbonna7
670 560 789 577 cancellarius
804 560 881 577 ecclesie
897 560 1011 582 Parisiensis,
1022 560 1101 577 sciencie

184 593 264 610 medicine
273 593 352 616 ignarus,
363 593 381 610 in
392 596 453 610 nostra
463 593 547 610 facultate
556 593 646 610 medicine
657 593 750 611 lieentiare
760 593 867 617 magistrum
876 594 972 611 Alfonsum
986 593 1009 610 de
1022 594 1101 617 Yspania

184 627 200 644 in
209 630 265 643 nostra
274 626 356 644 facultate
366 626 455 644 medicine
465 626 581 647 hamalarium,
590 626 676 643 inabilem
687 633 734 644 nunc
742 627 765 644 ad
773 626 862 644 licentiam
872 627 1002 650 recipiendum,
1011 627 1074 644 nititur
1083 630 1101 644 et

184 660 253 677 intendit
262 661 282 682 (1)
289 660 307 677 in
315 660 410 678 maximum
421 660 541 683 prejudicium
552 664 614 677 nostre
624 660 713 677 facultatis
724 666 743 677 ac
753 660 889 683 privilegiorum
901 660 954 677 nobis
965 664 1047 683 tanquam
1058 666 1101 677 vero

183 693 256 711 membro
265 694 390 711 Universitatis
400 693 510 710 Parisiensis
519 700 528 710 a
539 694 583 710 sede
593 693 692 716 apostolica
702 694 822 714 indultorum,
833 694 852 710 in
865 694 931 717 quibus
944 694 1016 716 quidem
1028 694 1101 716 privile-

183 727 213 750 giis
222 727 266 744 inter
275 730 333 744 cetera
342 727 445 744 continetur
455 727 505 749 quod
515 727 575 744 dictus
584 727 704 744 cancellarius
714 727 732 743 in
743 726 858 744 licentiandis
868 727 943 750 phisicis
953 727 1000 744 bona
1010 726 1045 744 fide
1061 733 1101 749 per-

183 760 253 778 mittere¹
265 763 339 782 tenetur,
351 763 404 784 prout
414 760 456 777 fecit
466 760 526 778 dictus
537 760 662 782 cancellarius,
673 760 775 778 examinare
785 760 883 784 magistros
895 760 918 778 de
927 760 1008 784 predicta
1018 760 1102 778 facultate

183 794 262 811 medicine
278 800 332 817 super
345 794 427 815 scientia,
442 794 477 811 vita
490 797 507 811 et
517 794 600 811 moribus
610 793 762 811 licentiandorum
774 794 792 811 in
806 794 845 817 ipsa
855 794 939 811 facultate
952 795 993 817 (que
1006 794 1101 817 privilegia

182 828 227 845 etiam
237 833 268 850 per
278 828 336 851 ipsum
352 827 479 844 cancellarium
486 828 546 850 jurata
561 833 597 844 non
612 830 673 850 potest
688 833 721 844 nec
735 827 790 844 debet
804 827 918 850 aliquatenus
931 827 1029 850 ignorare),
1040 831 1057 844 et
1069 833 1102 850 per

182 861 276 884 hujusmodi
292 867 365 878 examen
379 861 419 878 sine
434 861 557 878 emolumento
573 860 634 883 aliquo
649 860 716 884 dignos
730 861 825 878 admittere
839 864 857 877 et
871 861 957 884 indignos
973 861 1071 884 repellere,·
1084 864 1103 878 et

182 894 228 912 etiam
238 898 294 917 potest
303 894 395 912 licentiare
406 894 497 911 dumtaxat
507 894 588 917 incipere
598 894 681 911 volentes
692 894 710 911 in
724 894 803 917 singulis
817 894 939 915 facultatibus,
954 894 1020 917 dignos
1035 897 1102 916 tamen,

182 928 201 945 de
210 927 271 951 quibus
281 928 352 951 quidem
363 928 399 945 sibi
409 931 493 945 constare
503 934 540 945 non
550 931 611 951 potest
620 927 656 945 nisi
667 934 699 951 per
709 928 833 945 testiinonium
844 928 971 951 magistrorum
984 928 1031 945 dicte
1045 928 1103 945 facul>

183 961 223 983 tatis,
236 967 273 979 eum
292 962 391 979 secundum
407 961 495 978 rationem
510 961 532 978 ad
552 961 603 984 ipsos
622 961 727 984 magistros,
745 967 822 985 quorum
838 961 916 984 collegio
936 961 1056 979 licentiandus
1074 964 1102 979 est

181 995 304 1019 aggregandus,
314 1001 351 1012 non
360 995 383 1012 ad
392 999 489 1012 extraneos
499 995 564 1012 debeat
575 1000 660 1012 recursus
671 994 733 1012 haberi
744 1000 800 1018 super
809 994 863 1015 h0c²;

219 1036 227 1045 α
237 1029 285 1050 item,
296 1029 316 1051 (2)
325 1032 342 1046 et
349 1032 411 1046 contra
421 1029 573 1045 consuetudinem
583 1028 602 1045 in
612 1028 697 1045 facultate
707 1032 769 1046 nostra
779 1028 859 1052 predicta
872 1029 942 1046 notorie
955 1029 1070 1052 approbatam
1081 1035 1101 1046 ac

180 1062 251 1085 legitime
262 1062 385 1085 prescriptam,
394 1062 503 1079 laudabilem
515 1066 532 1079 et
543 1062 656 1079 observatam
664 1068 674 1079 a
682 1065 763 1085 tempore
771 1062 794 1079 de
802 1062 855 1085 cujus
862 1062 953 1079 contrario
961 1062 1054 1080 hominum
1063 1068 1101 1079 me-

180 1096 229 1112 moria
238 1096 255 1112 in
264 1096 371 1113 contrarium
381 1101 418 1112 non
428 1095 496 1117 existit,
513 1101 548 1118 que
560 1095 601 1113 talis
611 1099 645 1117 est,
656 1095 742 1113 videlicet
752 1096 801 1118 quod
812 1096 916 1113 licentiandi
926 1096 945 1113 in
959 1096 1005 1113 dicta
1019 1096 1102 1113 facultate

179 1129 259 1146 medicine
267 1129 332 1146 debent
339 1129 431 1146 audivisse
441 1134 474 1152 per
484 1129 557 1152 triginta
566 1135 598 1146 sex
606 1135 679 1146 menses
690 1129 712 1146 ad
720 1129 787 1150 minus,
796 1132 814 1146 et
822 1129 888 1146 deinde
896 1135 916 1147 se
924 1135 1015 1152 exponere
1025 1129 1103 1147 examini

179 1162 220 1180 dicte
228 1162 313 1179 facultatis
323 1168 355 1186 pro
365 1162 444 1186 legendo
455 1153 609 1185 quafficursus
619 1168 670 1184 suos,
681 1163 704 1180 ad
714 1168 760 1186 quos
771 1162 861 1186 legendos
870 1166 922 1180 antea
932 1166 1016 1180 tenentur
1026 1166 1044 1180 et
1054 1166 1104 1186 post>

178 1196 242 1213 modum
252 1196 317 1213 intrare
327 1202 401 1213 examen
412 1196 459 1213 dicte
469 1196 560 1213 facultatis
571 1202 604 1219 pro
615 1197 688 1213 licentia
699 1196 804 1217 obtinenda,
815 1196 926 1219 requirendo
938 1196 1038 1220 quemlibet
1045 1196 1103 1219 inagi-
1118 1204 1121 1221 J

177 1233 225 1246 strum
240 1230 257 1247 in
271 1230 316 1247 dicta
331 1230 415 1247 facultate
430 1233 524 1253 regentem
541 1233 560 1247 ut
574 1230 652 1247 eundern
666 1230 689 1247 de
703 1230 779 1253 quadam
794 1230 885 1253 solempni
900 1230 996 1253 questione
1013 1230 1074 1247 audiat
1085 1233 1103 1246 et
1117 1237 1119 1245 ι

176 1262 243 1280 cuilibet
256 1263 342 1280 dictorum
359 1261 489 1287 magistrorum
508 1263 620 1287 respondeat
637 1263 659 1280 de
675 1269 710 1280 una
728 1264 824 1287 questione
837 1263 860 1280 ad
875 1263 936 1285 finem,
950 1263 999 1287 quod
1010 1263 1103 1287 deponere

175 1301 242 1320 possent
251 1303 305 1320 super
314 1297 392 1314 sciencia
403 1297 487 1314 bacalarii
497 1297 611 1319 licentiandi,
621 1301 640 1315 ct
649 1296 785 1321 subsequenter
796 1298 862 1315 debent
876 1298 949 1314 nomina
962 1301 980 1315 et
992 1298 1102 1321 cognomina
1121 1313 1123 1317 ,

174 1330 314 1348 licentiandorum
325 1331 343 1347 in
354 1331 449 1354 presencia
460 1331 520 1354 ipsius
530 1331 621 1348 facultatis
635 1331 657 1348 ad
669 1331 704 1348 hec
715 1330 820 1354 specialiter
831 1330 894 1348 uocate
907 1331 950 1354 poni
962 1331 980 1348 in
993 1329 1029 1348 uno
1043 1331 1103 1348 rotulo
