1273 1538
178 42 225 61 1344]
374 46 398 58 AB
415 46 467 57 arno
484 45 600 58 ncczxxxvn
617 45 682 60 usque
699 46 723 57 ,m
739 46 808 58 ,11111111
826 47 894 59 necet.
1062 43 1095 60 555

220 85 292 106 Quartov
303 83 318 100 si
331 83 399 99 electus
414 82 432 99 in
446 83 550 105 magistrum
565 82 676 100 studentium
689 82 768 100 noluerit
778 83 841 100 saetam
851 83 873 100 de
883 89 904 100 eo
915 84 1019 101 electionem
1032 90 1094 107 aceep-

178 120 220 138 tare,
234 122 269 134 non
284 121 354 132 causam
369 115 479 138 assignando
492 115 617 136 sufficientem,
630 121 686 138 super
696 121 731 138 quo
741 115 772 132 det
782 116 831 138 prior
842 119 919 138 quatuor
930 116 1030 139 deputatos,
1041 122 1092 133 unam

178 150 246 167 bursam
257 149 327 166 solvere
338 151 424 166 teneatur.

220 182 291 204 Quinto,
304 182 396 205 predictus
411 182 497 205 magister
509 182 620 199 studentium
634 182 725 199 tenebitur
739 182 832 205 assignare
846 182 960 204 questionem
970 182 1067 204 opponenti
1077 185 1094 198 et

178 215 298 239 respondenti,
304 221 336 238 per
343 215 446 238 quindeoiin
455 215 495 232 dies
502 218 543 232 ante
551 215 649 239 quamlibet
655 215 795 238 disputationem
802 215 823 232 ad
830 215 898 236 minus;
908 215 956 238 quod
962 215 996 232 nisi
1002 215 1071 235 fecerit,
1077 218 1095 232 et

178 252 249 273 propter
259 248 293 266 hoc
304 248 322 266 in
334 248 455 272 disputatione
466 248 548 266 desectus
558 249 618 270 suerit,
630 249 717 272 magister
724 248 835 266 studentium
843 248 865 266 ad
873 248 918 266 duas
925 248 1016 266 tenebitur
1023 251 1094 272 quartas

177 283 212 301 vini
222 283 291 300 domus.
302 282 377 300 Omnem
388 283 512 299 executionem
523 282 599 300 tiendum
610 286 672 300 contra
682 283 786 306 magistrum
799 283 898 306 predictum
908 282 960 300 saciat
967 282 1016 305 prior
1023 282 1094 299 domus.

220 317 301 333 Preterea
317 319 427 336 statuerunt,
443 315 492 339 quod
506 316 555 333 omni
570 315 599 333 die
614 316 696 333 sabbathi
711 319 752 338 post
766 316 908 333 decantationem
920 316 971 333 Salve
985 316 1054 339 regina,
1067 316 1095 333 vel

177 349 248 367 alterius
259 349 308 372 juxta
322 352 393 372 tempus
407 355 460 366 suum
475 349 579 372 antiphone,
590 352 609 366 ut
622 352 650 366 est
661 349 717 366 moris
731 349 749 366 in
761 349 821 370 domo,
832 349 855 366 de
867 355 915 370 sero,
929 352 1003 372 excepto
1016 352 1096 372 tempore

178 382 284 406 supradicto,
295 382 313 399 in
326 382 404 406 eapella‘
416 385 446 399 aut
456 382 474 399 in
487 382 522 399 alio
532 382 597 399 domus
610 382 686 399 honesto
699 382 746 403 loco,
757 382 833 399 honeste
845 385 863 399 et
874 382 942 399 utiliter
952 382 1060 405 disputetur=
1071 382 1097 400 sic

178 416 225 439 quod
238 421 331 439 opponens
346 416 364 433 in
379 416 466 433 universo
480 416 574 439 arguendo
587 419 605 433 et
618 416 729 439 replicando,
743 419 763 433 ut
774 415 804 432 alii
819 415 877 432 locum
893 415 959 433 habere
971 415 1048 436 valeant,
1063 415 1098 432 nisi

178 453 217 467 octo
226 455 261 466 non
274 449 332 472 possit
345 449 404 467 facere
418 449 505 470 rationes,
517 452 535 466 et
547 449 624 473 quilibet
637 449 713 466 alioruin
723 452 760 466 tres
771 449 862 469 duntaxat.
874 449 910 466 nisi
920 449 986 472 aliquis
995 452 1099 472 argumenta

178 483 227 500 saciat
238 482 329 504 bifurcata,
345 482 422 500 divisive
436 486 465 500 aut
478 482 586 505 copulative,
601 486 631 500 aut
643 482 665 499 ad
680 482 800 506 impossibilia
813 482 914 504 deductive,
925 482 979 499 multa
992 482 1099 499 cumulando

178 516 195 533 in
203 522 264 537 unum3
275 518 304 537 [et]
314 516 429 539 respondens
440 522 476 533 non
486 516 545 539 possit
554 516 590 533 nisi
600 519 637 533 tres
647 516 785 533 conclusiones¹
793 521 868 539 ponere,
877 521 952 538 quarum
960 516 1058 539 quamlibet
1066 521 1099 533 una

178 549 278 567 auctoritate
290 553 308 567 et
320 556 355 567 una
365 549 441 571 ratione,
452 549 468 567 si
481 549 564 571 valuerit,
574 553 604 566 aut
614 555 649 566 una
658 549 764 566 auctoritate
775 552 849 570 tantum,
858 552 888 566 aut
902 555 937 566 una
947 549 1015 566 ratione
1025 552 1099 570 tantum,

177 583 231 600 valeat
240 583 353 605 confirmare,
363 583 432 606 absque
442 583 551 600 corollariis.

218 617 268 638 Item,
282 617 379 634 voluerunt
391 616 441 639 quod
454 616 557 633 immediate
570 619 612 639 post
625 616 743 639 principalem
756 620 878 639 opponentem
891 619 955 639 arguat
967 616 1053 639 magister
1062 620 1100 633 stu-

176 650 260 671 dentium,
269 650 347 673 denique
356 650 407 673 prior
416 650 489 671 domus5
499 649 566 667 deinde
576 650 658 673 magistri
666 650 685 667 in
694 649 791 673 theologia,
800 650 815 667 si
826 650 853 667 eis
863 650 932 673 placeat.
940 656 1025 673 arguere;
1034 650 1100 667 deinde

176 683 276 704 bachalarii,
289 683 355 700 deinde
369 689 461 704 cursores,
475 683 575 700 secundum
590 683 639 706 quod
651 683 701 706 prius
715 683 788 701 fuerunt
801 689 845 701 suos
857 683 926 707 gradus
937 683 1005 707 udepti;
1019 683 1042 701 ita
1052 683 1100 707 quod

176 716 205 740 qui
215 717 271 740 primo
281 716 360 734 finiverit
370 716 480 738 Sententius,
492 716 550 740 primo
561 719 630 740 arguat,
642 719 660 733 et
670 717 701 740 qui
711 716 756 740 legit
765 717 812 734 duos
822 723 894 738 cursus,
905 720 946 734 ante
955 717 1005 734 illum
1016 717 1047 740 qui
1056 717 1101 740 legit

176 755 228 767 unum
244 756 323 772 cursum,
339 753 357 767 et
371 750 402 774 qui
415 750 474 773 primo
489 749 568 767 finiverit
582 755 655 767 cursum
671 755 724 767 suuni
739 749 767 767 vel
781 756 853 772 cursus,
864 753 905 767 ante
920 750 971 767 illum
986 750 1016 774 qui
1030 750 1100 767 ultimo.

175 784 242 801 Deinde
251 787 326 807 arguant
338 784 368 801 alii
378 783 431 805 socii,
441 784 474 801 sed
487 784 519 807 qui
531 784 600 801 suerint
609 784 722 807 antiquiores
732 784 750 800 in
764 784 824 801 domo.
838 784 859 801 Et
872 784 887 801 si
900 784 993 808 contingat
1006 787 1101 802 extraneos

175 817 195 834 ad
205 817 247 835 istas
256 817 389 840 disputationes
399 817 468 838 venire,
480 817 496 834 si
510 817 546 834 sint
558 817 634 834 honeste
649 823 734 840 persone.
746 817 794 840 quod
808 817 890 841 magistri
903 817 1014 835 studentium
1027 817 1101 835 arbitrio

174 851 288 874 relinquatur,
304 854 322 868 et
336 857 373 868 non
387 850 424 867 sint
440 853 467 867 tot
481 850 530 867 unde
544 850 590 868 socii
604 850 670 868 domus
685 850 757 874 possint
767 856 777 867 a
787 851 862 874 proprio
876 851 963 868 exercitio
977 844 1068 874 impediri,
1083 851 1101 868 in

174 884 228 907 gradu
238 890 271 901 suo
282 885 347 901 doinus
357 883 393 901 sibi
403 883 491 907 compari,
502 883 518 901 si
528 888 604 907 arguere
615 883 713 905 voluerint,
724 884 846 907 preferantur3
861 887 891 901 aut
903 884 918 901 si
931 884 972 907 quis
985 884 1053 907 gradus
1065 890 1101 901 non

173 917 249 939 haberet,
262 917 303 934 dum
319 921 379 934 tamen
394 920 444 934 esset
458 916 527 934 nobilis
538 920 569 934 aut
581 917 667 940 religiosa
681 922 764 940 persona,
777 920 809 934 aut
820 917 854 934 alia
866 917 939 940 fulgens
951 918 1071 941 prerogativa,
1082 918 1100 934 in

173 951 262 974 arguendo
272 950 359 974 magister
369 950 481 967 studentium
493 950 566 967 ordinet
575 953 595 967 ut
604 950 640 967 sibi
650 950 744 967 videbitur
753 950 861 967 faciendum.

214 985 234 1001 In
246 984 279 1001 hoe
291 987 350 1001 autem
363 987 430 1001 statuto
443 990 480 1001 non
493 984 605 1001 intendimus
617 984 732 1007 prejudicare
745 984 786 1001 aliis
796 984 862 1001 domus
874 984 946 1001 statutis
956 987 974 1001 et
983 984 1100 1001 eonsuetudi-

172 1018 223 1035 nibus
232 1018 250 1035 in
260 1018 327 1041 quibus
337 1021 365 1035 est
375 1021 447 1035 cautum
457 1017 542 1040 explicite
552 1017 582 1035 vel
592 1017 736 1040 interpretative,
747 1017 796 1041 quod
806 1017 854 1035 inter
863 1017 929 1035 doinus
939 1018 999 1035 socios
1009 1021 1037 1035 est
1046 1023 1100 1040 equu-

171 1051 210 1069 litss
219 1057 251 1075 per
260 1052 319 1069 omnia
329 1051 449 1073 observanda,
461 1057 501 1068 cum
512 1051 530 1068 in
541 1051 595 1068 domo
605 1057 669 1068 omnes
680 1051 718 1068 sint-
727 1054 746 1068 ut
756 1051 801 1068 socii
812 1054 829 1068 et
839 1051 941 1072 studentes,
951 1057 987 1069 non
996 1054 1016 1068 ut
1022 1052 1099 1074 majores

171 1088 188 1102 et
196 1085 273 1102 minores
283 1085 365 1108 magistri
375 1088 394 1102 et
403 1084 491 1104 scolares„
502 1088 520 1102 et
530 1084 602 1102 similia.

212 1119 293 1136 Preterea
308 1122 417 1139 statuerunt,
431 1118 481 1141 quod
493 1118 528 1135 iste
542 1118 676 1141 disputationes
690 1118 717 1135 sic
731 1118 830 1141 procedant
839 1124 843 1135 z
852 1118 901 1141 quod
912 1118 969 1141 prima
979 1118 1008 1135 die
1018 1117 1100 1135 sabbathi

171 1155 210 1175 post
221 1152 333 1169 Nativitatem
344 1153 398 1169 Beate
409 1152 466 1169 Marie
475 1152 559 1175 Virginis
572 1151 683 1175 respondeat
696 1152 762 1175 primo,
776 1152 807 1175 qui
821 1152 921 1169 novissime
935 1152 1007 1169 domuin
1021 1151 1099 1172 intravit,

170 1185 195 1203 illi
207 1185 237 1208 qui
251 1186 353 1203 immediate
368 1192 409 1203 eui-n
423 1186 514 1209 precessit
527 1186 546 1202 in
560 1185 699 1209 respondendo3
715 1189 733 1203 et
746 1186 773 1203 sic
787 1191 861 1208 semper
875 1185 992 1208 procedendo
1007 1191 1065 1208 usque
1078 1185 1100 1202 ad

169 1219 277 1241 antiquiores
287 1219 304 1236 in
315 1219 369 1236 domo
379 1225 383 1236 τ
392 1222 410 1236 et
420 1219 450 1236 ille
461 1219 493 1242 qui
503 1219 558 1236 suerit
568 1219 624 1242 prima
635 1219 665 1236 die
676 1219 758 1236 sabbathi
769 1219 846 1242 primus,
856 1219 874 1236 in
884 1219 969 1242 sequenti
979 1218 1008 1235 die
1018 1218 1100 1236 sabbathi

169 1252 191 1269 sit
200 1258 298 1275 opponens.
310 1253 332 1270 Et
341 1253 363 1270 ad
374 1252 408 1270 hoc
418 1253 503 1270 voluinus
514 1252 592 1276 obligari
603 1258 668 1270 omnes
678 1252 740 1270 sonios
750 1252 772 1270 ab
782 1253 869 1276 ingressu
879 1253 945 1270 domus
954 1259 986 1276 per
995 1258 1027 1270 sex
1035 1259 1099 1275 annos„

169 1286 202 1303 nisi
212 1285 302 1310 theologie
312 1287 380 1304 suerint
389 1287 500 1310 magistram
511 1290 530 1304 et
541 1287 575 1304 hoe
586 1287 604 1304 in
615 1287 702 1310 ingressu
713 1287 778 1304 domus
788 1287 863 1305 domino
874 1287 965 1310 provisori
972 1287 1034 1311 jurare
1044 1288 1101 1311 expli-

169 1319 202 1336 cite
211 1322 309 1337 teneantur.
325 1321 344 1338 Si
356 1323 416 1338 autem
428 1320 495 1344 aliquis
510 1321 603 1338 sociorum
617 1321 723 1344 impeditus,
738 1327 775 1338 non
788 1321 825 1338 nisi
837 1321 926 1345 ponderis
940 1327 1000 1344 causa,
1013 1322 1032 1339 in
1044 1328 1101 1346 oppo-
