1273 1538
188 42 230 61 1329]
373 46 396 58 tm
413 45 465 57 Auno
482 44 598 56 ncczxxxvi
616 44 682 59 tisoni:
698 45 722 57 An
739 45 808 57 aaron
825 45 896 58 παῦσαι.
1065 39 1099 57 325

225 86 271 105 Item=
290 84 382 101 statuimus
398 82 446 106 quod
464 87 528 99 omnes
543 81 624 105 magistri
641 85 658 99 et
675 83 755 99 scolares
772 83 865 100 debitores
882 89 988 106 quacunque
1005 83 1027 99 de
1045 89 1097 99 causa

187 122 240 136 nostre
253 117 323 138 nationi,
338 119 422 139 quantum
439 115 537 132 secundum
550 115 638 138 justitiam
655 119 746 138 poterunt,
762 116 820 133 eidem
836 116 903 133 nationi
917 116 1020 133 satisfacere
1033 122 1098 139 procu-

186 151 248 169 rabunt,
260 151 280 167 Et
293 153 309 167 ut
321 150 354 166 hoc
366 149 436 166 firmius
448 149 562 170 observetur,
574 148 658 166 volumus
671 155 734 166 omnes
747 149 899 166 determinaturus
911 153 929 166 et
940 149 1067 170 licentiandos=
1078 156 1097 166 ac

186 185 231 202 etiam
244 184 260 200 in
274 183 341 200 artibus
355 183 459 205 incepturos
473 182 496 199 ad
510 182 544 199 hoc
559 182 593 199 sub
608 182 635 200 sui
647 183 745 205 juramenti
760 182 822 200 debito
836 183 919 206 obligari.
935 183 952 200 Si
965 188 1008 200 vero
1022 183 1097 206 predicti

186 217 267 234 debitores
281 216 345 234 suerint
355 216 409 239 jurati
424 216 488 237 nostri,
504 221 536 233 eos
549 222 558 233 a
572 219 635 233 nostro
649 216 742 233 consortio
755 222 858 234 resecamus
872 216 930 234 donec
942 216 1023 240 predicte
1035 220 1097 234 nostre

185 250 244 268 nationi
254 250 304 267 inerit
314 250 393 274 plenarie
404 249 520 267 satisfactum.

223 285 270 305 Item,
286 284 307 301 ad
323 284 436 301 concordiam
453 284 501 301 inter
517 283 600 301 bedellos
618 287 697 305 nostros⁷
715 288 735 301 ut
751 284 816 302 melius
833 285 854 302 ad
869 285 956 302 honorem
971 288 989 302 et
1003 284 1097 301 utilitatem

185 317 254 335 nationis
265 323 294 334 sua
307 317 363 334 officia
376 320 477 337 exerceant,
488 317 583 334 statuimus
594 317 642 340 quod
653 323 719 341 parvus
731 317 815 335 bodellus
828 321 890 335 noster
899 318 966 335 nullum
977 318 1043 341 poterit
1053 318 1098 335 reci-

186 356 222 374 pere
233 356 300 374 cappam
315 351 343 368 vel
357 350 456 374 epitogium
470 351 555 374 longum*
568 350 637 374 absque
649 357 740 368 consensu
752 351 813 375 magni
825 351 892 369 bcdclli
903 358 911 368 a
922 352 1009 375 magistro
1019 352 1048 369 vel
1058 358 1098 368 sco-

185 385 223 405 lare,
238 384 270 401 nisi
286 384 376 407 contingat
390 384 451 401 eadem
467 385 496 401 dic
511 385 558 402 duos
572 385 600 402 vel
617 385 679 408 plures
693 385 757 402 dantes
772 385 829 402 dictas
844 391 909 408 cappas
923 391 965 402 suas
978 385 1006 402 vel
1019 386 1098 408 epitogia

185 417 253 435 bedellis
266 417 389 437 determinare,
405 418 493 435 licentiari
508 418 537 435 vel
552 418 633 441 incipere
642 424 645 435 z
654 424 691 441 quo
705 424 748 435 casu
763 418 822 435 minor
837 418 920 435 bedellus
936 418 958 435 ab
973 425 1009 435 uno
1025 419 1097 436 illorum

184 457 297 474 quemcunque
311 451 396 471 habitum,
412 457 465 474 quem
480 451 511 468 ille
526 451 560 469 sibi
576 452 618 468 dare
632 451 718 472 voluerit,
732 451 790 468 libere
806 451 886 474 recipiet.
902 452 923 468 Et
938 451 959 468 ad
974 451 1008 468 hoc
1022 451 1098 469 firmiter

184 484 310 506 observandum„
323 484 406 501 volumus
422 485 510 502 minorem
524 484 616 502 bedellum
631 485 653 502 ad
667 491 687 501 ea
701 485 719 501 in
732 491 764 502 sua
779 485 894 502 institutione
909 490 941 508 per
955 491 1007 502 suum
1021 485 1097 508 astringi

181 518 296 540 juramentum,
311 518 359 534 Tunc
373 518 426 534 etiam
437 518 505 540 jurabit
519 521 602 541 uterque.
613 518 661 541 quod
676 521 761 541 quantum
775 518 847 541 poterit,
857 518 932 535 alterius
945 524 988 541 erga
1000 518 1097 541 magistros

184 557 221 568 suos
229 554 245 568 el
253 552 335 571 scolares.
346 551 440 571 beneficia,
451 557 512 574 pacem
523 554 540 568 et
550 551 646 568 amicitiam
657 551 767 574 procurabit.

221 585 267 605 ltem,
281 585 436 607 quotienscunque
451 590 498 602 unus
510 584 625 602 bedellorum
639 588 742 602 nostrorum
757 584 812 602 verba
826 588 888 602 contra
901 584 977 601 alterum
990 584 1098 608 pronuncia-

183 614 222 635 verit
233 617 364 639 contumeliosav
380 623 415 640 que
432 623 496 641 sapere
512 618 582 641 possint
600 618 684 641 injuriam
699 618 806 636 notabilem.
821 618 872 635 illum
887 618 918 641 qui
935 617 1031 641 culpabilis
1047 623 1098 640 repe-

183 651 236 672 rietur,
253 651 270 668 in
287 651 348 668 decem
365 651 430 668 solidis
449 651 545 674 parisiens.
568 651 642 668 indilate
665 651 732 668 nationi
751 651 879 674 persolvendis
897 657 919 668 ex
936 657 984 668 nunc
1003 657 1036 674 pro
1056 654 1097 668 tunc

183 684 316 701 condemnamus.
332 684 350 701 Si
363 690 407 702 vero
419 684 473 701 fuerit
486 684 560 707 injectio
573 690 657 701 manuum
669 685 755 705 violenta⁴v
768 685 880 707 punitionem
893 684 978 701 volumus
991 688 1054 701 nostro
1069 685 1097 701 vel

183 721 254 735 nostrum
264 718 335 741 majoris
350 718 405 741 partis
419 718 495 735 arbitrio
508 718 604 735 reservari.

220 751 298 768 Ceterum
318 751 412 769 statuimus
431 751 481 774 quod
500 751 585 774 quotiens
600 751 666 774 aliquis
684 751 798 768 bedellorum
815 755 919 768 nostrorum
936 752 954 768 in
972 757 1006 768 suo
1023 751 1098 768 servitio

182 785 273 808 negligens,
288 788 316 802 aut
330 785 348 802 in
362 785 422 808 aliquo
440 784 528 802 deficiens
545 784 630 802 inventus
646 785 707 805 fuerit,
725 785 791 802 totiens
807 785 830 808 xij
846 785 931 802 denarios
943 785 1012 802 nationi
1027 785 1098 802 solvere

182 822 258 836 teneatur.
270 819 290 835 Et
302 819 317 835 si
329 818 410 835 desectus
421 818 475 835 suerit
487 818 597 835 excellenter
608 818 701 838 notabilis,
712 818 762 835 illum
774 818 884 835 ordinationi
896 819 974 835 nationis
985 819 1014 835 vel
1025 818 1099 841 majoris

182 852 229 875 partis
241 852 321 869 volumus
334 852 435 875 subjacere.

219 886 252 902 Hec
265 888 321 902 autem
335 885 394 902 omnia
409 891 449 901 cum
464 885 505 902 aliis
520 885 589 902 nostris
604 885 685 906 statutis,
698 885 823 906 libertatibus,
839 885 1003 903 consuetudinibus
1017 885 1098 902 laudabi-

181 918 222 936 libus
235 922 251 935 et
262 918 359 942 privilegiis
372 924 405 935 uos
420 924 485 935 omnes
498 921 515 935 et
527 918 611 941 singulos
624 921 687 935 nostre
700 918 779 935 nationis
792 919 891 941 magistros
903 919 932 936 vel
942 919 1013 941 juratos
1026 925 1098 936 servare

180 952 254 969 volumus
268 952 301 969 sub
315 952 375 969 debito
389 951 498 974 juramenti,
513 957 547 968 net:
565 952 618 969 dictis
633 951 779 969 ordinationibus
794 952 880 975 aliquem„
895 952 1020 975 cujuscunque
1035 952 1098 969 condi-

180 985 227 1003 tionis
240 985 306 1006 existat,
321 985 416 1002 occasione
431 991 539 1008 quacunque
554 985 606 1002 tacite
621 986 650 1002 vel
665 991 752 1009 expresse
767 985 852 1002 decetero
868 985 964 1002 contraire.

197 1037 199 1039 .
217 1019 307 1036 statuimus
325 1019 400 1042 insuper
414 1018 436 1035 ad
451 1018 484 1035 hec
503 1018 563 1036 omnia
579 1018 650 1036 firmius
667 1018 782 1036 observanda
799 1022 934 1042 procuratorem
952 1019 1052 1042 quemlibet
1066 1025 1099 1042 per

177 1053 286 1075 juramentum
302 1053 384 1076 astringi,
399 1052 484 1075 quatinus
504 1052 583 1075 predicta
601 1052 619 1069 in
637 1053 686 1069 exitu
703 1053 731 1069 sui
749 1052 804 1069 officii
822 1052 895 1075 publice
910 1053 959 1076 legat
973 1053 991 1069 in
1007 1053 1098 1076 presentia

179 1086 253 1103 nationis,
265 1086 356 1103 Addentes
368 1085 417 1109 quod
432 1085 500 1102 ibidem
514 1089 622 1109 procurator
636 1092 695 1103 novus
707 1086 726 1102 in
738 1092 770 1103 sua
783 1086 898 1103 institutione
907 1087 964 1109 juret,
975 1086 1024 1109 quod
1036 1090 1098 1103 contra

179 1119 293 1136 inobedientes
302 1119 388 1142 predictis
398 1119 426 1136 vel
437 1125 512 1142 quoquo
522 1119 577 1136 modo
587 1119 647 1142 aliqua
657 1119 781 1142 predictorum
791 1119 913 1142 infringentes
926 1120 1011 1137 omnihus
1020 1120 1055 1136 viis
1065 1125 1098 1136 seu

179 1152 230 1170 modis
242 1152 305 1175 quibus
319 1153 384 1176 poterit
398 1158 459 1169 coram
475 1153 547 1170 natione
560 1153 590 1170 vel
604 1153 746 1176 quibuscunque
760 1153 801 1170 aliis
813 1152 909 1176 judicibus
921 1153 993 1170 idoneis
1005 1153 1052 1170 bona
1062 1153 1098 1170 fide

178 1186 260 1209 procedet,
270 1187 360 1203 emendam
374 1187 483 1209 condignam
497 1192 530 1209 per
540 1186 599 1204 dictos
612 1186 741 1210 delinquentes
755 1186 794 1204 fieri
809 1186 930 1209 procurando,
943 1186 1033 1204 Volumus
1045 1187 1098 1204 etiam

178 1220 219 1242 quod
229 1219 292 1243 singuli
301 1220 331 1243 qui
341 1225 397 1243 super
406 1220 493 1243 predictis
504 1220 533 1237 vel
545 1226 608 1237 eorum
622 1220 683 1243 aliquo
694 1220 744 1243 ipsos
755 1220 783 1237 vel
795 1220 841 1237 alios
851 1226 971 1243 quoscunque
981 1220 1099 1243 tangentibus

177 1253 201 1270 vel
213 1256 291 1276 tangente
305 1253 375 1270 veritati
389 1254 513 1271 testimonium
526 1253 624 1276 perhibere
635 1254 704 1270 fuerint
713 1260 722 1270 a
733 1257 851 1276 procuratore
864 1253 954 1276 requisiti,
969 1253 1023 1270 tidem
1038 1253 1097 1270 eidem

177 1292 229 1304 eoram
241 1287 309 1304 natione
323 1287 381 1304 facere
397 1290 499 1304 teneantur.
515 1288 574 1311 Super
588 1287 617 1304 his
632 1291 692 1304 tamen
707 1287 807 1305 retinemus
822 1287 877 1304 nobis
891 1290 997 1310 potestatem
1012 1287 1098 1309 addendi,

178 1320 285 1341 diminuendi,
299 1320 403 1344 corrigendi
417 1321 565 1344 quandocunque
581 1320 667 1338 omnibus
685 1321 777 1344 magistris
792 1321 815 1338 ad
828 1320 863 1338 hoc
879 1321 982 1344 specialiter
997 1321 1065 1338 voratis
1080 1322 1098 1338 in
