1273 1538
174 41 206 58 12ss
465 47 622 59 mmmm-,uuum
640 48 734 59 uxuvzzns⁴
753 47 817 59 mats*
1050 40 1095 59 11308

218 83 246 100 Ad
256 83 345 106 p[rimu]m
356 89 392 106 quo
404 84 499 106 q[uerit]ur
511 87 569 101 utrum
583 84 668 107 princeps
681 84 768 101 secularis
781 84 838 107 possit
851 84 941 101 hereticos
954 89 1024 106 capere,
1034 84 1095 100 exanti-

174 122 217 133 nare
231 117 260 134 vel
274 117 345 140 punire„
361 117 439 134 dicimus
454 117 502 140 quod
517 117 571 134 nobis
585 117 656 134 videtur
672 117 720 139 quod
735 117 832 134 auctoritas
843 117 912 139 judicis
929 116 1016 133 secularis
1030 122 1064 133 non
1077 122 1094 133 se

175 150 255 167 extendit
265 150 286 167 ad
299 150 401 167 faciendum
412 156 519 172 processum
531 150 608 172 aliquem
621 150 639 166 iu
649 150 695 166 facto
706 150 776 166 heresis
787 153 848 167 contra
858 150 936 172 aliquem
947 155 983 166 uon
995 149 1094 166 derelictum

174 183 196 200 ab
207 183 289 204 ecclesia,
305 183 340 200 nisi
354 183 431 200 eeclesia
442 183 545 206 requirente
557 182 586 199 vel
598 182 692 205 requisita„
705 183 740 199 nisi
756 183 828 205 quando
840 183 916 199 evidens
926 186 942 199 et
953 182 1041 199 notorium
1052 183 1095 204 peri-

174 216 234 233 culum
249 217 358 237 immineret,
373 216 391 232 in
405 221 441 238 quo
456 221 498 232 casu
514 215 548 232 sul>
563 221 594 238 spe
608 218 656 232 certa
672 215 804 232 ratihabitionis
818 215 860 232 licet
878 215 961 238 potestati
978 215 1053 232 seculari
1067 221 1095 233 eos

173 255 245 272 capere,
255 255 295 267 cum
306 249 400 272 proposito
414 248 503 265 reddendi
513 248 590 265 ecclesie
601 248 691 271 quamcito
701 248 788 266 obtulerit
798 254 817 266 se
827 248 909 266 facultas>
920 249 956 266 Nec
966 248 1036 266 videtur
1047 248 1095 266 nobis

174 283 222 305 quod
233 288 254 299 ex
264 282 324 305 aliqua
335 281 440 299 auctoritate
454 282 496 298 novi
510 281 538 298 vel
550 281 617 298 veteris
630 281 740 298 Testamenti
753 287 838 304 expresse
852 281 910 304 possit
919 281 981 298 haberi
993 281 1040 304 quod
1051 282 1096 304 prin-

173 321 217 338 ceps
227 315 315 332 secularis
325 315 377 331 aliter
388 320 407 332 se
418 314 483 331 debeat
495 314 616 331 intromittere
628 314 651 331 de
664 314 739 331 crimine
752 314 862 337 supradicto.
876 315 929 336 Quod
941 318 999 331 autem
1009 315 1057 337 juxta
1065 314 1095 332 hoc

174 348 269 371 q[uerit]ur
283 351 343 365 utrum
353 348 369 365 si
380 347 429 370 quod
436 348 467 370 jus
478 347 570 371 principes
580 347 647 364 habere
657 348 763 364 viderentur
772 353 805 371 per
815 351 867 364 vetus
877 348 1011 364 Testamentum
1020 347 1038 364 in
1047 353 1095 365 causa

174 381 217 398 dicti
227 381 315 399 criminis,
326 387 358 404 per
368 387 434 398 novum
443 382 577 398 Testamentum
588 381 606 398 in
615 381 676 404 aliquo
686 381 709 398 sit
720 381 829 402 restrictum,
838 381 938 402 d[ici]m[u]s
948 381 996 404 quod
1006 381 1021 398 si
1028 384 1096 398 vocetur

174 414 264 431 restrictio
277 414 368 431 revocatio
380 415 506 437 cujuscunque
519 414 579 431 statuti
593 414 622 431 vel
629 414 684 437 juris,
695 414 779 431 habentis
789 414 873 431 virtutem
886 414 945 431 solum
957 420 979 431 ex
991 414 1096 431 institutione

173 447 220 470 legis
233 448 307 468 veteris,
320 453 373 464 omne
388 448 421 464 tale
434 451 462 464 est
476 447 494 464 in
509 447 556 470 legis
572 453 618 464 nove
631 450 712 470 tempore
727 447 752 464 sic
769 447 877 468 restrictum,
891 447 940 470 quod
951 446 1035 464 videlicet
1047 450 1096 464 totum

173 480 222 503 quod
236 480 290 497 habet
304 480 389 497 virtutem
404 486 426 497 ex
440 480 478 497 sola
493 480 610 497 institucione
625 480 672 503 legis
687 480 761 501 veteris·
776 483 804 497 est
816 480 834 496 in
848 480 889 497 novi
902 480 1011 497 Testamenti
1024 483 1097 503 tempore

173 517 283 533 revocatum.

218 547 246 563 Ad
259 547 360 563 secundum
370 546 470 569 principale
481 546 529 569 quod
540 547 640 569 q[uerit]ur‚
651 550 711 563 utrum
721 546 826 569 Templariiv
837 547 878 569 quia
889 546 955 563 milites
965 550 1012 567 sunt,
1026 547 1061 563 sint
1070 552 1098 569 pro

175 586 211 596 non
222 579 315 602 religiosis
325 583 343 596 et
351 586 388 596 nou
396 580 485 602 exemptis
494 579 580 600 habendi,
589 579 666 596 dicimus
675 580 724 602 quod
732 579 785 596 nobis
793 579 871 600 videtur,
881 579 929 602 quod
937 579 1003 596 milicia
1010 580 1031 596 ad
1039 580 1099 596 dolien>

173 612 243 629 sionem
254 612 296 629 fidei
307 613 389 629 ordinata
399 616 465 629 statum
475 612 571 635 religionis
581 619 617 629 11011
628 612 710 636 impedit,
721 616 739 629 et
748 613 797 635 quod
808 613 852 629 tales
863 613 930 629 milites
940 616 1000 629 votum
1011 613 1099 636 religionis

174 646 255 662 institute
265 646 287 662 ab
298 646 375 663 ecclesia
385 645 491 668 profitentes
501 652 535 668 pro
546 646 638 668 religiosis
648 646 711 663 haberi
722 646 800 663 debeant
810 649 828 662 et
835 646 930 668 exemptis.
939 646 957 663 Si
965 646 995 668 qui
1003 649 1059 663 autem
1067 652 1099 663 non

173 679 256 696 fecerunt
263 679 316 696 talem
325 679 465 701 professionem,
474 679 507 695 sed
516 679 574 695 solum
583 679 711 702 obligaverunt
719 685 739 696 se
747 679 769 695 ad
777 679 826 696 illam
836 679 914 696 heresim
925 679 1059 700 observandatm
1067 685 1099 696 nun

173 716 216 729 sunt
226 712 309 735 religiosi
320 718 353 729 nec
364 718 396 735 pro
409 711 502 735 religiosis
514 712 599 729 habendi,
613 712 631 729 Si
644 715 704 729 tamen
717 712 741 729 sit
751 712 826 729 dubium
836 716 896 729 utrum
908 712 933 729 sic
944 712 1020 735 professi
1033 712 1099 732 suerint,

173 745 195 762 ad
209 745 304 762 ecclesiam
317 751 352 768 que
365 745 447 768 ipsorum
460 745 569 768 religionem
582 745 660 762 instituit
672 745 724 762 istam
736 751 808 762 causam
821 745 900 768 pertinet
913 745 1015 762 terminare.
1029 745 1100 762 Racione

174 782 232 796 tamen
246 779 328 796 criminis
342 782 406 799 totum,
421 779 469 801 quod
483 779 551 795 crimen
565 779 628 802 tangit,
640 779 719 801 pertinet
732 779 754 795 ad
767 779 863 796 ecclesiam
875 779 892 796 iu
903 785 1010 802 quacunque
1022 785 1099 802 persona.

173 812 239 832 donec,
250 816 269 829 ut
279 812 381 835 predictum
391 815 426 832 est,
436 812 491 828 fuerit
500 812 522 828 ab
533 812 610 829 ecclesia
619 812 712 829 derelicta.

219 845 246 862 Ad
261 845 341 866 tertium,
353 845 426 868 quando
436 845 519 867 queritur
534 848 594 862 utrum
610 848 685 868 propter
701 845 825 868 suspicionem
840 851 876 868 que
890 845 967 862 habetur
983 851 1005 862 ex
1018 845 1100 862 confessa-

173 879 254 896 tionibus
266 879 302 901 jam
315 879 367 896 factis
379 878 429 895 Ordo
442 878 508 895 debeat
519 878 620 901 reprobari,
634 878 712 895 dicimus
725 879 781 901 quod,
795 885 835 896 eum
849 885 870 896 cx
879 879 917 901 jam
926 879 978 896 sactis
990 879 1100 896 confessatio-

173 912 228 929 nibus
238 912 326 929 habeatur
336 912 435 929 vehemens
446 912 527 934 suspicio
537 915 600 928 contra
610 918 674 929 omnes
685 912 707 928 de
718 912 787 929 Ordine
798 912 846 935 quod
855 912 892 929 sint
899 912 974 929 heretici
984 912 1012 929 vel
1021 912 1100 933 fautores¹

173 948 216 969 puta
231 951 267 962 non
281 945 384 962 accusando
398 945 427 962 vel
443 951 479 962 uon
493 944 604 962 notificando
618 945 705 965 ecclesie,
721 951 761 961 cum
778 945 877 962 vehemens
894 945 1006 969 presumptio
1022 945 1102 962 habeatur

174 979 223 1001 quod
234 979 332 1001 predictam
343 978 423 995 heresim
433 978 496 1001 vigere
510 978 528 994 in
540 978 609 995 Ordine
619 978 725 995 nullatenus
739 978 852 1001 ignorarent,
867 979 961 1001 presertim
975 984 1015 995 cum
1028 978 1102 1001 magistri

173 1011 233 1028 tocius
247 1011 323 1028 Ordinis
338 1015 356 1028 et
370 1011 400 1028 alii
416 1011 494 1034 majores
509 1014 527 1027 et
540 1011 571 1033 qui
585 1011 647 1033 plures
663 1011 681 1028 in
696 1011 765 1028 Ordine
780 1014 889 1034 receperunt
903 1014 920 1028 et
937 1011 967 1028 alii
984 1011 1102 1034 quamplurimi

173 1044 242 1061 crimen
255 1044 361 1067 hujusmodi
375 1044 412 1061 sint
424 1044 512 1065 confessi,
523 1044 578 1061 debet
591 1044 625 1061 hoc
639 1044 723 1061 sufficere
735 1044 758 1061 ad
766 1044 905 1067 Jreprobandum
918 1044 1005 1061 Ordinem
1017 1045 1035 1061 in
1047 1044 1102 1061 odimn

174 1083 292 1100 personarum
309 1077 338 1094 vel
355 1077 377 1094 ad
394 1077 524 1100 inquirendum
541 1080 603 1094 contra
620 1080 677 1094 totum
694 1077 782 1094 Ordinem
800 1077 827 1094 sic
844 1077 916 1101 publice
932 1077 954 1094 de
971 1081 1018 1095 tanto
1034 1078 1102 1094 crimine

174 1110 291 1127 diffamatum.

218 1143 247 1160 Ad
257 1146 347 1165 quartum,
359 1143 432 1166 quando
443 1143 525 1166 queritur
538 1143 560 1160 de
575 1149 611 1159 non
624 1143 715 1160 confessis
729 1143 757 1160 vel
770 1149 807 1160 nou
819 1143 908 1160 convictis
920 1143 964 1166 quid
978 1144 1000 1160 de
1010 1144 1042 1165 eis,
1052 1144 1067 1160 si
1076 1144 1103 1166 qui

173 1176 219 1193 tales
229 1176 303 1197 suerint,
317 1176 340 1193 sit
352 1176 450 1199 agendum,v
461 1176 539 1193 dicimus
552 1176 602 1199 quod
614 1182 654 1193 cum
667 1176 766 1193 vehemens
779 1176 803 1193 sit
815 1176 928 1199 presumptio
941 1180 1003 1193 contra
1015 1182 1075 1193 omnes
1084 1177 1104 1193 de

174 1209 251 1231 Ordine,
268 1212 288 1226 ut
301 1209 368 1226 dietum
382 1212 416 1230 est„
432 1209 466 1226 etsi
480 1209 525 1226 tales
541 1215 578 1225 non
592 1209 628 1226 sint
641 1212 660 1226 ut
675 1209 751 1226 heretici
764 1209 918 1232 condempnandi,
931 1215 972 1226 curn
986 1215 1018 1226 nec
1031 1210 1103 1227 confessi

174 1242 242 1259 fuerint
260 1248 294 1259 nec
315 1242 402 1262 convicti.
421 1245 480 1259 tamen
498 1242 539 1265 quia
556 1242 632 1258 multum
649 1242 750 1259 timendum
768 1245 795 1258 est
813 1242 835 1258 de
852 1242 879 1259 eis
896 1246 971 1265 propter
989 1243 1104 1265 suspicionem

175 1275 281 1298 predictam,
291 1275 363 1293 videtur
373 1275 427 1292 nobis
437 1275 463 1292 sie
473 1275 500 1292 eis
511 1281 552 1292 esse
562 1274 660 1292 salubriter
672 1275 813 1298 providendum,
824 1275 873 1298 quod
887 1275 909 1292 dc
920 1275 1023 1293 infectionis
1035 1275 1104 1293 aliorum

175 1309 257 1331 periculo
267 1312 357 1326 caveatur.
