1273 1538
179 67 212 83 453
470 71 627 84 cunni-numium
644 72 738 83 uutvzns.
756 72 821 84 nnis.
1055 65 1100 83 [1336

181 107 288 130 prolongato
296 111 385 130 tempore,
391 107 446 124 debet
454 113 559 130 proponens
566 108 624 124 facere
632 107 677 124 alias
684 107 734 124 fabas
742 108 760 124 in
768 107 843 130 capucio
851 108 900 129 poni,
906 107 1005 124 secundum
1012 107 1079 123 modum
1085 110 1101 124 et

181 139 256 155 sor-mam
267 139 365 161 predictos,
377 142 395 156 et
404 139 427 155 de
438 145 485 156 novo
495 139 550 156 debet
561 139 620 156 facere
630 139 651 155 ad
662 139 712 156 sabas
723 139 776 160 trahi,
788 142 807 155 et
818 139 907 156 nominari
919 139 941 155 ab
953 139 1044 156 inventore
1053 139 1100 161 nigre

181 171 228 191 sabe,
236 175 254 188 et
262 172 333 188 mittere
340 171 443 188 nominatos
451 171 473 187 ab
484 171 547 188 eodem
557 171 579 188 ad
586 171 692 194 eligendum
702 171 802 188 secundum
813 171 887 188 modum
897 171 1002 193 predictum,
1013 177 1100 193 quousque

181 204 278 221 concordia
288 204 354 226 aliqua,
365 203 465 220 secundum
477 203 541 220 modos
551 207 569 220 et
578 204 645 220 formas
656 203 754 226 predictos,
763 204 782 220 in
789 203 867 226 aliquem
879 203 1005 226 magistrorum
1014 203 1098 220 habeatur.

226 235 288 252 Habita
301 239 360 252 autem
374 235 472 252 concordia
482 238 500 251 et
509 241 600 252 consensu
614 235 695 252 omnium
709 236 789 258 quinque
800 241 832 252 seu
843 235 903 256 trium,
917 238 937 252 ut
945 238 985 251 ante
997 235 1060 252 dictum
1069 239 1099 256 esty

181 273 272 285 consensu
290 271 350 284 tamen
364 267 506 284 contradicentis
522 273 554 284 seu
569 268 742 289 contradicencium,
756 268 772 284 si
787 273 822 290 que
835 268 878 288 sint,
893 267 1002 284 sufficienter
1013 267 1034 284 ab
1045 267 1099 290 aliquo

180 300 332 317 concordanciurn
343 300 405 322 petito,
417 299 485 316 debent
497 300 587 322 eligentes
597 300 659 317 venire
669 300 692 316 ad
702 299 762 317 locum
773 300 804 316 ubi
814 300 847 316 suit
860 300 972 322 propositum
984 300 1005 316 de
1014 300 1098 322 eligendo.

181 336 198 349 et
212 338 260 348 unus
275 332 381 348 eorumdem
396 332 506 354 eligencium
517 332 676 352 concordancium,
692 335 710 349 et
725 338 764 353 eos,
779 335 798 349 et
811 332 895 353 electum,
909 332 927 348 in
942 332 1033 354 presencia
1046 333 1099 349 tocius

180 364 268 384 nacionis,
280 364 335 381 debet
349 364 449 384 nominare,
464 368 482 381 et
495 364 602 381 electionem
613 370 664 381 suain
676 365 694 381 in
706 364 779 387 publico
791 368 809 381 et
823 368 886 387 aperto
899 364 990 387 publicare
1001 367 1017 381 et
1027 365 1098 387 promul-

180 402 229 418 gare>
244 396 285 418 Quo
295 396 349 417 sacto,
364 396 400 413 nisi
414 396 438 413 sit
452 396 477 413 ibi
490 396 614 413 controversia
629 400 647 413 et
661 396 752 413 discordia
766 396 810 416 ulla,
825 402 857 413 seu
871 396 893 413 ab
906 396 946 413 aliis
956 396 1053 418 appellatio,
1063 402 1098 419 pre-

180 428 240 445 dictus
253 434 358 451 proponens
372 429 427 445 debet
440 429 568 446 concordatum
583 435 603 445 nc
616 429 672 445 eciam
685 435 694 445 a
706 429 793 451 predictis
808 428 892 449 electum,
905 434 937 445 seu
950 429 1063 446 concordatus
1073 429 1098 445 vel

180 461 249 478 electos
262 460 389 484 sollempniter
402 461 461 478 facere
474 462 537 484 jurare
549 467 608 478 coram
625 464 661 478 tota
678 461 760 481 nacione,
775 464 792 477 et
808 461 903 478 instituere
916 461 975 484 ipsum
988 461 1015 477 vel
1028 461 1074 483 ipsos
1082 461 1098 478 in

180 493 258 510 ossicium
272 493 300 510 vel
313 493 377 514 officia,
391 494 451 510 claves
465 497 483 510 et
495 494 528 510 alia
542 494 662 510 instrumenta
677 493 757 516 predicte
771 493 866 510 electionis
878 493 966 514 nacionis,
978 499 1034 510 coram
1047 493 1098 510 electo

179 526 207 542 vel
218 525 288 547 electis,
299 526 399 542 secundum
411 531 443 542 sua
457 526 514 542 officia
527 526 636 542 ministrare,
649 526 671 542 Et
683 525 737 542 debet
747 526 871 548 juramentum
881 526 921 548 ejus
931 525 960 542 vel
972 526 1043 542 aliorum
1055 531 1097 546 essev

180 558 228 581 quod
238 558 285 574 bene
295 561 313 575 et
323 558 401 574 fideliter
412 558 504 575 exercebit
514 564 546 575 seu
559 558 670 575 exercebunt
679 558 758 575 officium
768 563 801 574 seu
812 558 876 578 officia,
888 558 910 574 ad
920 564 955 581 que
965 558 1001 575 sint
1008 558 1029 574 ab
1038 558 1098 575 electo-

180 590 231 607 ribus
242 590 329 613 predictis
344 590 403 611 electi,
416 590 438 606 ad
450 590 539 607 honorem
553 594 571 607 et
585 590 699 607 commodum
712 596 732 607 ac
745 590 846 612 profectum
861 590 920 607 tocius
935 590 1014 607 nacionis
1027 590 1098 612 predicte

179 629 212 645 pro
222 628 277 645 posse
290 628 330 644 suo,
341 623 390 639 omni
403 622 445 639 dolo
455 623 484 644 (et)
497 623 560 639 fraude
574 623 655 639 remotis.
671 623 690 639 Si
702 626 762 639 tumen
775 622 797 639 ab
807 622 868 645 aliquo
880 623 1001 645 predictorum
1012 623 1098 645 magistro-

179 661 219 672 rum
233 655 314 678 predicte
328 655 416 676 nacionis,
426 658 467 672 actu
480 655 498 671 in
511 655 580 672 artibus
593 655 703 678 regentium,
715 659 777 672 contra
790 655 891 678 predictum
902 656 977 672 electum
993 661 1024 672 seu
1038 655 1098 672 electos

178 687 233 704 suerit
249 687 346 710 appellatio
362 687 453 710 legitima,
470 690 487 704 et
504 687 533 704 cui
549 687 670 710 appellacioni
687 693 719 710 per
736 687 889 704 deliberacionem
906 687 965 704 tocius
981 687 1058 704 nacionis
1073 687 1098 704 vel

179 720 252 742 majoris
266 723 284 736 et
297 720 375 736 sanioris
391 719 447 742 partis
462 720 486 736 sit
499 720 619 736 differendum
637 720 706 736 ratione
724 726 804 742 persone
821 720 850 737 vel
867 726 991 742 personarum,
1005 720 1059 736 electe
1073 720 1098 736 vel

179 752 283 774 electarum,
298 758 330 769 seu
346 752 415 769 ratione
430 752 544 775 eligentium,
562 752 592 769 vel
610 752 681 769 ratione
698 752 747 769 modi
762 752 844 775 eligendi
858 752 934 775 predicti
950 758 985 769 non
999 758 1007 768 a
1021 752 1098 775 predictis

179 785 290 802 electoribus
300 785 329 801 vel
338 785 360 802 ab
371 785 463 807 aliquibus
473 791 536 802 eorum
547 785 644 806 observati,
656 785 749 808 predictus
760 791 865 808 proponens
875 785 951 802 electum
962 785 999 801 sive
1008 785 1071 802 electos
1080 785 1098 802 ad

176 818 273 840 jurandum
284 817 313 834 vel
323 818 345 834 ad
360 817 492 834 instituendum
507 817 528 834 ad
543 817 621 834 officium
636 823 669 834 seu
683 818 705 834 ati
720 818 779 834 officia
792 818 899 838 exercenda,
910 818 968 834 donec
981 823 1033 840 super
1044 817 1074 834 hec
1083 818 1098 834 in

179 850 261 871 nacione,
277 853 294 867 et
309 850 340 867 uhi
352 850 375 867 de
387 850 429 872 jure
442 853 460 867 et
472 850 606 867 consuetudine
620 853 649 867 est
662 850 808 870 discucieudum,
823 850 847 867 sit
861 850 957 867 summarie
971 853 989 866 et
1000 850 1021 866 ad
1034 850 1098 873 plenum

180 883 290 903 discussum,
308 883 398 899 dimittere
412 886 481 899 temere
496 888 532 899 non
547 886 645 905 presumat.
661 883 694 899 llle
708 886 767 899 autem
782 883 821 899 sive
836 883 870 903 illi,
880 883 906 900 sic
918 883 986 899 electus
999 883 1035 899 sive
1046 883 1098 903 electi,

176 916 248 938 juratus
258 916 297 932 sive
305 916 367 938 jurati,
378 915 432 932 ruodo
446 918 464 932 et
473 916 530 932 forma
540 915 628 938 predictis
640 915 715 932 omniuo
725 915 834 936 observatis,
845 915 900 932 debet
912 921 944 932 seu
955 915 1020 932 debent
1028 915 1098 932 officium

180 954 212 965 seu
226 948 285 965 officia
302 948 403 965 secundum
415 948 489 965 â€˜modum
502 951 520 964 et
532 948 608 965 form-'un
622 948 721 971 predictos,
737 954 832 970 usquequo
846 948 923 971 primurn
939 951 1008 971 tempus
1021 949 1099 971 prefixum

179 981 202 997 sit
212 981 320 1003 expiratum,
330 986 422 1001 exercere,
433 981 469 997 nisi
479 986 532 997 nausa
542 980 622 1003 legitima
633 986 666 997 sue
677 981 801 1003 deposicionis
811 981 833 997 ab
843 981 884 997 aliis
892 981 993 1000 eveniente,
1002 981 1038 997 sive
1047 981 1099 1003 aliqua

180 1013 288 1030 necessitate
300 1012 329 1030 vel
339 1013 411 1030 racione
423 1016 506 1036 urgente,
517 1013 545 1030 vel
559 1013 582 1029 de
592 1013 685 1030 voluntate
695 1019 733 1034 sua,
745 1013 760 1030 ei
772 1013 800 1030 vel
813 1013 840 1030 eis
852 1013 931 1030 officium
944 1019 975 1030 seu
988 1013 1043 1030 officia
1052 1020 1099 1036 opor-

181 1048 217 1062 teat
226 1045 327 1068 resignare.

225 1078 309 1094 Preteren
324 1082 412 1101 perpetuo
428 1078 523 1095 statuimus
536 1084 556 1095 ac
571 1079 701 1099 ordinavimus,
717 1082 737 1096 ut
751 1079 813 1095 nullus
826 1079 848 1095 ad
861 1079 967 1095 electionem
982 1079 1058 1096 officialis
1071 1085 1098 1095 seu

182 1110 285 1127 officialium
300 1110 318 1127 in
334 1110 380 1127 dicta
395 1111 471 1127 nacione
486 1111 621 1132 defficienn'um,
637 1111 738 1128 secundum
752 1111 824 1127 modum
842 1115 859 1128 et
873 1111 947 1127 scr-infun
963 1111 1055 1134 predictos,
1072 1117 1099 1134 per

181 1143 305 1160 inventionem
320 1143 360 1160 sabe
379 1143 438 1166 nigre,
453 1146 484 1160 aut
496 1143 554 1164 aliter,
572 1143 657 1160 decetero
674 1143 778 1160 admittatur
792 1149 865 1166 quoquo
879 1144 940 1164 modo,
955 1144 990 1160 nisi
1004 1144 1051 1166 prius
1063 1147 1099 1160 aute

182 1180 253 1199 tempus
265 1181 297 1193 seu
312 1179 393 1198 tempora
407 1176 513 1198 hujusmodi
527 1176 622 1193 electionis
635 1176 674 1193 sive
688 1176 797 1193 electionum
811 1177 914 1193 officialium
928 1177 1005 1199 predicte
1019 1177 1099 1197 nacionis,

182 1214 214 1231 per
227 1208 307 1231 spacium
327 1208 381 1225 unius
398 1208 467 1225 mensis
482 1208 556 1231 integri,
571 1208 660 1225 lectiones
676 1214 718 1225 suas
737 1209 755 1225 in
775 1214 827 1226 manu
847 1209 968 1231 procuratoris
986 1209 1014 1225 vel
1031 1209 1099 1226 rectoris

182 1242 300 1264 resumpserit
312 1244 330 1258 et
343 1241 434 1258 ordinarie
447 1241 513 1264 legerit
523 1241 623 1259 secundum
633 1242 708 1258 sormam
719 1241 780 1258 statuti
790 1247 846 1264 super
857 1242 936 1264 regentia
946 1242 992 1262 sacti,
1003 1242 1029 1258 vel
1039 1242 1071 1258 nisi
1079 1242 1098 1258 de

182 1280 228 1291 novo
241 1274 263 1291 de
276 1277 325 1291 extro
337 1274 398 1291 villam
410 1274 544 1297 supervenerit,
559 1274 597 1291 sive
612 1274 630 1291 in
642 1274 712 1291 artibus
726 1274 821 1297 inceperit,
836 1277 867 1291 aut
880 1274 915 1292 nisi
929 1274 987 1297 aliqua
1000 1274 1098 1291 necessitate

182 1307 236 1324 suerit
245 1308 350 1330 impeditus,
361 1307 383 1323 de
391 1313 427 1330 quo
437 1307 466 1324 vel
476 1307 499 1324 de
507 1307 580 1330 quibus,
591 1307 607 1324 si
617 1313 673 1330 super
682 1307 715 1324 hec
725 1307 780 1324 suerit
792 1307 898 1329 requisitus,
911 1308 943 1324 toti
956 1307 1024 1324 micioni
1036 1308 1057 1324 ad
1070 1307 1099 1324 hoc

244 1336 264 1348 âµâ¸,
