1273 1538
186 53 229 72 1331]
374 59 398 70 ΑΒ
414 59 467 70 auno
484 58 602 70 xcezxxxvz
619 58 685 73 vsqve
702 59 726 70 Λ11
743 59 812 70 annun
829 59 900 71 ucccr..
1069 53 1102 71 353

185 100 200 114 et
214 96 311 119 rogatorum
329 96 428 119 presencia,
446 95 469 112 ad
486 95 567 118 ipsorum
585 95 673 112 accedens
692 95 802 118 presentiam
818 95 904 118 magistet·
920 96 983 112 Petrus
999 95 1022 112 de
1038 96 1100 119 Capite

184 130 272 153 stangno’‚
284 129 368 151 magister
379 129 397 146 in
409 128 505 149 medicina,
517 134 525 145 11
537 135 573 152 quo
584 134 616 152 per
627 128 725 146 discretum
736 129 794 146 virum
806 129 911 152 magistrum
921 128 1021 146 ,Iohannem
1030 128 1073 151 Pipe
1082 129 1099 146 in

184 164 225 181 dicta
236 162 316 180 facultate
330 162 434 186 magistrum
452 165 545 185 regentem
561 168 594 179 suo
609 165 626 179 et
641 162 688 179 dicte
704 162 792 179 facultatis
807 162 880 179 nomine
893 162 968 185 petitum
981 162 1045 182 extitit,
1057 168 1101 185 qua-

183 201 231 214 tenus
246 196 361 219 responderet
378 196 480 216 veritatem,
497 199 555 213 utrum
572 196 612 219 ipse
629 196 716 219 magister
732 196 797 213 Petrus
813 199 947 219 p1·esentaverat
963 195 1066 213 venerando
1083 198 1101 212 et

184 230 255 247 discreto
266 230 304 247 viro
317 230 390 247 domino
403 229 511 246 cancellario
523 229 622 246 Parisiensi
637 229 742 252 magistrum
756 230 850 247 Alfonsum
863 229 885 246 de
899 229 1017 252 Portugalia⁸.
1032 229 1101 246 bacala-

183 264 223 281 rium
232 263 249 280 in
260 263 353 284 medicina,
365 269 397 286 pro
408 262 482 280 licentia
494 263 512 280 111
524 263 570 280 dicta
583 263 666 280 facultate
680 263 769 280 medicine
780 263 878 280 obtinenda
888 269 897 280 a
908 263 981 280 domino
993 262 1100 280 cancellario

183 300 278 314 memorato.
289 296 419 320 Qui'rnagister
429 297 493 313 Petrus
504 296 572 313 eisdem
584 296 686 320 respondit,
696 296 746 319 quod
758 296 791 313 hoc
804 300 841 314 erat
851 303 914 314 verum
925 297 973 320 quod
984 297 1023 319 ipse
1032 296 1100 314 dictum
1112 317 1113 321 Ἰ

183 330 279 353 magistrum
289 330 382 347 Alfonsum
393 333 529 353 presentaverat
539 336 572 353 pro
582 329 654 347 licentia
666 330 685 346 in
697 330 778 353 ipsorum
790 330 873 347 facultate
883 329 965 347 habenda
971 330 1048 350 ,1101111110
1058 336 1101 347 can-
1110 336 1112 339 ⁴

182 364 248 380 cellario
258 367 360 380 memorato.
372 364 416 380 Acta
426 367 468 380 sunt
478 363 511 380 hec
525 363 542 380 in
553 363 607 380 domo
618 363 734 380 habitationis
745 363 788 380 dieti
800 363 879 386 magistri
890 364 985 387 Reff‘naldi
996 364 1019 381 de
1031 364 1101 381 Corne-

183 403 226 414 mare
236 403 287 418 anno,
300 397 405 417 indictione.
416 397 452 418 die,
463 403 526 414 mense
537 400 555 414 et
565 397 671 419 pontificatu
682 397 749 419 quibus
762 403 816 419 supra
827 397 874 414 circa
884 397 946 414 horam
957 397 1015 418 tertie,
1026 403 1101 420 presen-

182 430 225 447 tibus
235 430 255 447 1111
267 430 299 447 hec
310 430 392 454 Philippo
403 430 425 447 de
436 431 490 453 Layo,
501 430 548 447 dicte
558 430 648 447 facultatis
658 430 728 447 bidelto
740 435 773 447 seu
785 430 883 451 serviente,
895 430 993 447 Guillelmo
1005 430 1072 448 Burnel
1083 434 1100 448 et

181 463 254 481 ,1011311119
265 464 287 480 de
298 464 369 485 Her-sin,
381 463 459 484 clericis=
472 463 593 486 plim'busque
604 463 644 480 aliis
656 463 734 481 testibus
744 463 767 481 ad
777 463 810 481 hec
819 463 887 480 vocatis
898 466 915 480 et
926 463 999 486 rogatis.

220 497 286 514 Deinde
298 503 342 514 vero
355 503 408 518 anno,
422 497 528 518 indictione,
542 503 611 518 mense,
624 497 665 514 loco
679 500 697 513 et
710 497 825 520 pontificatus
839 497 905 519 quibus
921 503 982 520 supra,
997 497 1026 514 die
1039 500 1099 514 octava

182 530 219 548 dicti
229 530 294 547 mensis
303 530 381 547 Januarii
392 530 439 547 circa
449 530 511 547 horam
522 530 586 553 prime,
598 530 716 553 congregatis
726 530 774 547 dicto
784 530 843 547 locum
854 533 928 547 tenente
938 530 1001 547 decani
1012 530 1100 547 facultatis

181 564 262 581 medicine
274 569 293 581 ac
303 563 355 581 dictis
368 564 460 587 magistris
471 566 487 580 et
499 563 582 586 pluribus
595 563 635 580 aliis
646 567 681 581 tam
694 563 801 587 regentibus
815 569 867 586 quam
878 570 914 580 non
928 563 1034 587 regentibus
1044 563 1101 587 magi-

182 597 220 614 stris
232 597 249 614 in
262 597 345 614 facultate
360 597 449 614 medicine
463 597 567 620 supradicta
581 603 601 614 ac
616 597 777 620 congregationem
791 597 872 620 ipsorum
890 597 978 614 facultatis
995 596 1100 614 tenentibus

180 631 265 653 ipsamque
277 631 378 647 facultatem
391 630 501 647 facientibus
514 636 534 647 ac
548 630 724 653 representantibus,
739 634 758 647 ut
771 630 861 652 dicebant,
876 630 923 647 idem
937 630 1024 653 magister
1036 631 1100 647 Petrus

180 664 199 681 de
214 664 272 686 Capite
289 664 355 681 Stanno
373 664 391 680 111
408 664 489 687 ipsorum
509 663 638 686 magistrorum
659 663 749 680 facultatis
770 664 827 686 ipsam
847 664 1010 686 representantium
1028 664 1100 686 meique

180 697 237 714 notarii
247 697 313 720 publici
323 703 342 714 ac
352 697 425 714 testium
436 696 580 720 subscriptorum
592 697 614 714 ad
624 697 657 714 hec
666 700 772 714 vocatorum
783 700 801 714 et
811 701 914 720 rogatorum
924 697 1026 720 presencia,
1037 697 1100 714 iterato

180 730 245 747 rediens
258 733 274 747 et
287 730 309 747 al>
321 730 385 747 eodem
399 730 486 753 magistro
501 730 553 747 Petro
568 733 603 747 tam
617 736 649 752 per
661 730 729 747 dictum
744 730 805 747 locum
817 733 909 747 tenentem
925 730 988 747 decani
1002 736 1055 753 quam
1069 736 1101 753 per

181 763 240 781 dictum
253 763 356 787 magistrum
370 763 414 786 Pipe
428 770 462 781 suo
476 767 494 781 et
508 763 555 781 dicte
568 769 630 781 eorum
644 763 734 781 facultatis
749 763 853 781 nominibus
867 763 918 787 plura
928 764 983 787 petita
992 764 1072 785 suerunt,
1083 767 1101 781 et

180 803 223 817 certe
234 800 278 817 facte
290 800 420 822 responsiones
433 806 466 823 per
478 799 556 817 eundern
567 799 674 823 magistrum
687 800 759 817 Petrum
770 800 791 817 ad
803 799 872 817 eadem.
883 800 906 817 Et
914 800 972 823 primo
982 800 1058 823 petitum
1067 799 1101 817 fuit

181 833 199 850 1111
208 833 267 850 eodem
277 837 336 850 utrum
346 834 384 856 ipse
394 834 487 856 juraverat
497 839 570 850 servare
580 833 724 850 consuetudines
734 836 752 850 et
762 837 826 850 statuta
839 833 928 850 facultatis
938 833 1028 850 medicine
1038 839 1101 857 supra-

181 867 227 884 dicte.
241 867 275 889 Qui
288 867 373 890 magister
385 867 450 884 Petrus
464 867 560 890 respondit
571 867 620 890 quod
633 867 660 883 510
669 867 707 888 illa,
718 873 754 890 que
764 873 802 884 non
811 870 853 884 sunt
863 870 925 884 contra
934 867 1027 884 libertates
1037 870 1056 884 et
1064 867 1101 890 pri-

181 900 239 924 vilegia
255 900 355 917 cancellarii
370 900 479 917 Parisiensis
496 900 580 917 ecclesie.
599 901 643 917 Item
661 900 761 923 requisitus
779 904 837 917 utrum
852 901 877 917 sit
890 900 1003 918 consuetudo
1021 901 1039 917 in
1054 901 1100 918 dicta

180 934 254 951 facultate
267 934 355 951 medicine
368 934 417 957 quod
431 933 532 951 bacalarius
545 934 564 950 111
578 934 625 951 dicta
638 934 722 951 facultate
735 934 856 951 licentiandus
870 934 924 951 debet
936 934 962 951 ire
975 940 1007 957 per
1017 934 1100 957 singulos

179 968 267 991 magistros
280 970 363 990 regentes
377 967 457 984 Parisius
470 967 489 984 in
502 967 586 984 facultate
599 967 688 990 predicta,
698 970 792 990 autequam
804 970 919 990 presentetur
932 967 1040 984 cancellario
1052 967 1100 985 Pari·
1114 987 1116 991 ,

178 1001 235 1022 siensi,
245 1004 261 1018 et
270 1004 331 1023 petere
344 1000 366 1018 ab
379 1000 447 1017 eisdem
459 1001 509 1023 quod
519 1001 554 1024 ipsi
564 1001 638 1018 audiant
648 1001 671 1018 de
681 1007 716 1018 una
729 1001 826 1023 questione
839 993 1044 1024 5019111011ὴ195ρο111111
1052 1001 1100 1024 quod

178 1034 281 1052 consuetudo
292 1038 329 1052 erat
339 1034 378 1052 talis
389 1034 408 1051 in
418 1040 482 1051 eorum
492 1034 575 1051 facultate
586 1034 696 1058 supradicta.
711 1035 756 1051 Item
769 1034 868 1057 inquisitus
881 1038 940 1051 utrum
953 1035 1066 1052 consuetudo
1077 1035 1101 1052 sit

178 1068 213 1085 talis
222 1068 239 1085 in
248 1068 293 1085 dicta
303 1068 386 1085 facultate
400 1068 449 1091 quod
463 1068 540 1091 quilibet
554 1068 655 1085 bacalarius
668 1068 688 1085 iu
699 1068 747 1085 dicta
756 1068 840 1085 facultate
852 1068 974 1085 licentiandus
986 1069 1041 1086 debet
1050 1068 1101 1085 audi-

177 1102 221 1119 visse
229 1107 260 1125 per
269 1102 398 1125 quinquaginta
412 1107 444 1118 sex
458 1107 531 1119 menses
544 1102 563 1118 in
573 1102 620 1119 dicta
633 1101 725 1123 facultate,
736 1102 752 1118 si
765 1101 789 1119 sit
800 1102 886 1125 magister
896 1102 915 1119 in
924 1102 1000 1123 artibus,
1011 1105 1029 1119 et
1038 1102 1054 1119 si
1064 1108 1099 1119 non

178 1136 198 1152 sit
211 1135 292 1158 magister
305 1135 324 1152 in
337 1135 412 1156 artibus,
426 1141 458 1158 per
472 1135 566 1158 sexaginta
579 1141 659 1156 menses,
673 1138 769 1158 antequam
786 1135 890 1152 licentietur
906 1135 928 1152 ad
944 1135 1068 1158 magisterium
1082 1135 1100 1152 in

177 1169 232 1186 eadem
241 1168 332 1186 facultate:
340 1168 435 1192 respondit
448 1168 497 1191 quod
510 1168 529 1186 iu
539 1168 586 1186 dicta
598 1169 683 1186 facultate
693 1175 756 1186 eorum
770 1169 811 1186 talis
821 1172 848 1186 est
858 1172 877 1186 et
886 1172 924 1186 erat
933 1169 1054 1190 consuetudo,
1065 1169 1100 1186 nisi

176 1202 216 1219 alias
224 1207 255 1225 per
264 1202 328 1219 dictam
341 1202 443 1219 facultatem
455 1208 496 1219 curn
511 1202 559 1219 dicto
569 1202 659 1219 bacalario
670 1206 720 1219 esset
730 1203 862 1226 dispensatum.
876 1203 921 1219 Item
932 1202 1030 1225 requisitus
1040 1194 1100 1219 utrum

176 1235 268 1252 bacalarius
278 1236 397 1253 licentiandus
408 1239 491 1253 teneatur
498 1236 561 1259 jurare
571 1236 590 1252 111
600 1236 696 1259 presencia
706 1236 796 1253 facultatis
807 1236 829 1253 de
839 1236 972 1253 consuetudine
983 1236 1041 1259 ipsius
1051 1239 1101 1253 ante-

176 1275 223 1292 quam
238 1272 351 1292 presentetur
366 1269 475 1287 cancellario
492 1269 599 1290 Parisiensi,
615 1270 663 1293 quod
679 1269 719 1293 ipse
732 1269 833 1287 bacalarius
848 1269 905 1293 eliget
920 1275 976 1286 unum
993 1269 1099 1293 magistrum

176 1303 193 1319 in
203 1302 287 1320 medicina
297 1303 337 1320 sine
347 1303 409 1320 fraude
422 1307 441 1321 91
453 1303 568 1326 deceptione,
582 1304 617 1321 sub
630 1310 667 1327 quo
681 1303 805 1321 licentiabitur
817 1304 836 1321 in
846 1304 893 1321 111013
903 1303 986 1321 facultate
997 1304 1099 1321 medicine:

176 1336 262 1358 respondit
272 1337 319 1359 quod
330 1337 370 1354 talis
384 1340 422 1354 erat
432 1337 547 1354 consuetudo
558 1340 575 1354 et
586 1337 635 1360 quod
648 1337 725 1360 ipsemet
736 1337 770 1354 hoc
778 1338 847 1360 juravit
856 1341 951 1360 antequam
965 1341 1101 1360 presentaretur

231 1366 246 1375 π
254 1365 299 1378 Chare>
310 1365 349 1378 main
359 1365 406 1378 Paris.
414 1366 431 1380 11,
441 1367 451 1379 1.
1023 1367 1039 1379 15
