<?xml version="1.0" encoding="UTF-8"?>
<!DOCTYPE html PUBLIC "-//W3C//DTD XHTML 1.0 Transitional//EN"
    "http://www.w3.org/TR/xhtml1/DTD/xhtml1-transitional.dtd">
<html xmlns="http://www.w3.org/1999/xhtml" xml:lang="en" lang="en">
 <head>
  <title>
</title>
<meta http-equiv="Content-Type" content="text/html;charset=utf-8" />
  <meta name='ocr-system' content='tesseract 3.04.00' />
  <meta name='ocr-capabilities' content='ocr_page ocr_carea ocr_par ocr_line ocrx_word'/>
</head>
<body>
  <div class='ocr_page' id='page_1' title='image "./chartulariumuni00mogoog_0361.png"; bbox 0 0 1273 1538; ppageno 0'>
   <div class='ocr_carea' id='block_1_1' title="bbox 176 34 1095 54">
    <p class='ocr_par' dir='ltr' id='par_1_1' title="bbox 176 34 1095 54">
     <span class='ocr_line' id='line_1_1' title="bbox 176 34 1095 54; baseline -0.001 -1"><span class='ocrx_word' id='word_1_1' title='bbox 176 37 208 54; x_wconf 77' lang='lat'>334</span> <span class='ocrx_word' id='word_1_2' title='bbox 465 41 623 54; x_wconf 63' lang='lat' dir='ltr'>CHAR&#39;NJLARHJM</span> <span class='ocrx_word' id='word_1_3' title='bbox 640 42 734 53; x_wconf 67' lang='lat' dir='ltr'>uuivsns.</span> <span class='ocrx_word' id='word_1_4' title='bbox 753 41 817 52; x_wconf 63' lang='lat' dir='ltr'>ranis.</span> <span class='ocrx_word' id='word_1_5' title='bbox 851 41 853 43; x_wconf 75' lang='grc'>’</span> <span class='ocrx_word' id='word_1_6' title='bbox 1051 34 1095 53; x_wconf 77' lang='grc'><strong>[1329</strong></span> 
     </span>
    </p>
   </div>
   <div class='ocr_carea' id='block_1_2' title="bbox 174 77 1101 1301">
    <p class='ocr_par' dir='ltr' id='par_1_2' title="bbox 175 77 1098 733">
     <span class='ocr_line' id='line_1_2' title="bbox 177 77 1095 102; baseline -0.001 -7"><span class='ocrx_word' id='word_1_7' title='bbox 177 78 216 95; x_wconf 85' lang='lat' dir='ltr'>sius</span> <span class='ocrx_word' id='word_1_8' title='bbox 226 79 244 95; x_wconf 92' lang='lat' dir='ltr'>in</span> <span class='ocrx_word' id='word_1_9' title='bbox 254 78 323 96; x_wconf 88' lang='lat' dir='ltr'>artibus</span> <span class='ocrx_word' id='word_1_10' title='bbox 333 78 368 96; x_wconf 84' lang='lat' dir='ltr'>sul&gt;</span> <span class='ocrx_word' id='word_1_11' title='bbox 378 78 476 96; x_wconf 75' lang='lat' dir='ltr'>venerabili</span> <span class='ocrx_word' id='word_1_12' title='bbox 487 78 526 95; x_wconf 81' lang='lat' dir='ltr'>viro</span> <span class='ocrx_word' id='word_1_13' title='bbox 537 79 623 102; x_wconf 81' lang='lat' dir='ltr'>magistro</span> <span class='ocrx_word' id='word_1_14' title='bbox 638 78 706 95; x_wconf 77' lang='lat' dir='ltr'>Milone</span> <span class='ocrx_word' id='word_1_15' title='bbox 721 78 743 94; x_wconf 89' lang='lat' dir='ltr'>de</span> <span class='ocrx_word' id='word_1_16' title='bbox 754 77 839 98; x_wconf 84' lang='lat' dir='ltr'>Jorrello,</span> <span class='ocrx_word' id='word_1_17' title='bbox 853 78 952 94; x_wconf 84' lang='lat' dir='ltr'>Meldensis</span> <span class='ocrx_word' id='word_1_18' title='bbox 965 78 1047 98; x_wconf 82' lang='lat' dir='ltr'>diocesis,</span> <span class='ocrx_word' id='word_1_19' title='bbox 1061 78 1095 100; x_wconf 79' lang='lat' dir='ltr'>capi</span> 
     </span>
     <span class='ocr_line' id='line_1_3' title="bbox 177 110 1096 134; baseline -0.001 -6"><span class='ocrx_word' id='word_1_20' title='bbox 177 114 195 128; x_wconf 87' lang='lat' dir='ltr'>et</span> <span class='ocrx_word' id='word_1_21' title='bbox 204 111 235 128; x_wconf 79' lang='lat' dir='ltr'>viti</span> <span class='ocrx_word' id='word_1_22' title='bbox 245 117 317 129; x_wconf 77' lang='lat' dir='ltr'>carcere</span> <span class='ocrx_word' id='word_1_23' title='bbox 328 112 400 129; x_wconf 86' lang='lat' dir='ltr'>detrudi</span> <span class='ocrx_word' id='word_1_24' title='bbox 408 112 512 134; x_wconf 77' lang='lat' dir='ltr'>jusserunt3</span> <span class='ocrx_word' id='word_1_25' title='bbox 523 117 559 134; x_wconf 81' lang='lat' dir='ltr'>quo</span> <span class='ocrx_word' id='word_1_26' title='bbox 570 112 687 130; x_wconf 77' lang='lat' dir='ltr'>incarcerato.</span> <span class='ocrx_word' id='word_1_27' title='bbox 700 111 765 132; x_wconf 83' lang='lat' dir='ltr'>eidem,</span> <span class='ocrx_word' id='word_1_28' title='bbox 778 111 820 127; x_wconf 87' lang='lat' dir='ltr'>licet</span> <span class='ocrx_word' id='word_1_29' title='bbox 829 110 881 131; x_wconf 76' lang='lat' dir='ltr'>salso,</span> <span class='ocrx_word' id='word_1_30' title='bbox 895 114 914 127; x_wconf 84' lang='lat' dir='ltr'>nt</span> <span class='ocrx_word' id='word_1_31' title='bbox 928 111 998 132; x_wconf 77' lang='lat' dir='ltr'>asserit,</span> <span class='ocrx_word' id='word_1_32' title='bbox 1012 111 1096 133; x_wconf 72' lang='lat' dir='ltr'>imposne-</span> 
     </span>
     <span class='ocr_line' id='line_1_4' title="bbox 176 143 1095 168; baseline -0.001 -7"><span class='ocrx_word' id='word_1_33' title='bbox 176 148 219 162; x_wconf 87' lang='lat' dir='ltr'>runt</span> <span class='ocrx_word' id='word_1_34' title='bbox 229 145 287 168; x_wconf 86' lang='lat' dir='ltr'>ipsum</span> <span class='ocrx_word' id='word_1_35' title='bbox 297 145 402 162; x_wconf 79' lang='lat' dir='ltr'>violentiam</span> <span class='ocrx_word' id='word_1_36' title='bbox 412 148 429 161; x_wconf 85' lang='lat' dir='ltr'>et</span> <span class='ocrx_word' id='word_1_37' title='bbox 439 148 508 167; x_wconf 84' lang='lat' dir='ltr'>raptum</span> <span class='ocrx_word' id='word_1_38' title='bbox 519 144 537 161; x_wconf 93' lang='lat' dir='ltr'>in</span> <span class='ocrx_word' id='word_1_39' title='bbox 548 150 643 167; x_wconf 74' lang='lat' dir='ltr'>personam</span> <span class='ocrx_word' id='word_1_40' title='bbox 655 144 757 167; x_wconf 77' lang='lat' dir='ltr'>Symonetc,</span> <span class='ocrx_word' id='word_1_41' title='bbox 766 144 803 161; x_wconf 81' lang='lat' dir='ltr'>filie</span> <span class='ocrx_word' id='word_1_42' title='bbox 811 144 887 161; x_wconf 81' lang='lat' dir='ltr'>Gucrini</span> <span class='ocrx_word' id='word_1_43' title='bbox 898 144 919 161; x_wconf 80' lang='lat' dir='ltr'>de</span> <span class='ocrx_word' id='word_1_44' title='bbox 929 144 991 161; x_wconf 84' lang='lat' dir='ltr'>Sancto</span> <span class='ocrx_word' id='word_1_45' title='bbox 1001 143 1095 162; x_wconf 79' lang='lat' dir='ltr'>Desiderio,</span> 
     </span>
     <span class='ocr_line' id='line_1_5' title="bbox 178 177 1096 201; baseline -0.002 -6"><span class='ocrx_word' id='word_1_46' title='bbox 178 178 200 195; x_wconf 86' lang='lat' dir='ltr'>de</span> <span class='ocrx_word' id='word_1_47' title='bbox 211 179 267 195; x_wconf 77' lang='lat' dir='ltr'>Barro</span> <span class='ocrx_word' id='word_1_48' title='bbox 275 184 330 201; x_wconf 89' lang='lat' dir='ltr'>super</span> <span class='ocrx_word' id='word_1_49' title='bbox 340 178 411 198; x_wconf 78' lang='lat' dir='ltr'>Albam,</span> <span class='ocrx_word' id='word_1_50' title='bbox 425 177 545 200; x_wconf 73' lang='lat' dir='ltr'>joculatricis,</span> <span class='ocrx_word' id='word_1_51' title='bbox 558 177 672 194; x_wconf 71' lang='lat' dir='ltr'>commisisse</span> <span class='ocrx_word' id='word_1_52' title='bbox 683 177 699 194; x_wconf 91' lang='lat' dir='ltr'>in</span> <span class='ocrx_word' id='word_1_53' title='bbox 711 177 783 200; x_wconf 68' lang='lat' dir='ltr'>dyocesi</span> <span class='ocrx_word' id='word_1_54' title='bbox 794 177 892 198; x_wconf 80' lang='lat' dir='ltr'>Meldensi;</span> <span class='ocrx_word' id='word_1_55' title='bbox 906 181 945 200; x_wconf 88' lang='lat' dir='ltr'>post</span> <span class='ocrx_word' id='word_1_56' title='bbox 960 178 1011 200; x_wconf 88' lang='lat' dir='ltr'>cujus</span> <span class='ocrx_word' id='word_1_57' title='bbox 1022 177 1096 194; x_wconf 84' lang='lat' dir='ltr'>criminis</span> 
     </span>
     <span class='ocr_line' id='line_1_6' title="bbox 177 210 1095 234; baseline 0 -6"><span class='ocrx_word' id='word_1_58' title='bbox 177 211 318 234; x_wconf 63' lang='lat' dir='ltr'>impositionem,</span> <span class='ocrx_word' id='word_1_59' title='bbox 337 210 419 228; x_wconf 85' lang='lat' dir='ltr'>cumdem</span> <span class='ocrx_word' id='word_1_60' title='bbox 436 214 494 227; x_wconf 86' lang='lat' dir='ltr'>tamen</span> <span class='ocrx_word' id='word_1_61' title='bbox 511 216 573 227; x_wconf 89' lang='lat' dir='ltr'>verum</span> <span class='ocrx_word' id='word_1_62' title='bbox 591 214 609 227; x_wconf 92' lang='lat' dir='ltr'>et</span> <span class='ocrx_word' id='word_1_63' title='bbox 625 210 726 233; x_wconf 74' lang='lat' dir='ltr'>legitimum</span> <span class='ocrx_word' id='word_1_64' title='bbox 744 211 831 228; x_wconf 83' lang='lat' dir='ltr'>scolarem</span> <span class='ocrx_word' id='word_1_65' title='bbox 846 216 879 228; x_wconf 90' lang='lat' dir='ltr'>sno</span> <span class='ocrx_word' id='word_1_66' title='bbox 898 211 965 234; x_wconf 83' lang='lat' dir='ltr'>prefato</span> <span class='ocrx_word' id='word_1_67' title='bbox 978 210 1061 233; x_wconf 81' lang='lat' dir='ltr'>magistro</span> <span class='ocrx_word' id='word_1_68' title='bbox 1076 210 1095 228; x_wconf 87' lang='lat' dir='ltr'>de</span> 
     </span>
     <span class='ocr_line' id='line_1_7' title="bbox 175 243 1095 267; baseline 0 -6"><span class='ocrx_word' id='word_1_69' title='bbox 175 250 248 262; x_wconf 70' lang='lat' dir='ltr'>carcere</span> <span class='ocrx_word' id='word_1_70' title='bbox 265 244 409 265; x_wconf 72' lang='lat' dir='ltr'>recrediderunt,</span> <span class='ocrx_word' id='word_1_71' title='bbox 429 247 510 266; x_wconf 80' lang='lat' dir='ltr'>pretextu</span> <span class='ocrx_word' id='word_1_72' title='bbox 528 243 665 267; x_wconf 85' lang='lat' dir='ltr'>privilegiorum</span> <span class='ocrx_word' id='word_1_73' title='bbox 680 247 791 265; x_wconf 67' lang='lat' dir='ltr'>nostrorutm</span> <span class='ocrx_word' id='word_1_74' title='bbox 810 244 880 261; x_wconf 80' lang='lat' dir='ltr'>tandem</span> <span class='ocrx_word' id='word_1_75' title='bbox 895 244 959 261; x_wconf 80' lang='lat' dir='ltr'>iteruin</span> <span class='ocrx_word' id='word_1_76' title='bbox 976 243 1055 261; x_wconf 82' lang='lat' dir='ltr'>eumdem</span> <span class='ocrx_word' id='word_1_77' title='bbox 1067 243 1095 261; x_wconf 83' lang='lat' dir='ltr'>hac</span> 
     </span>
     <span class='ocr_line' id='line_1_8' title="bbox 176 277 1094 300; baseline 0 -6"><span class='ocrx_word' id='word_1_78' title='bbox 176 278 198 294; x_wconf 85' lang='lat' dir='ltr'>de</span> <span class='ocrx_word' id='word_1_79' title='bbox 208 283 261 294; x_wconf 75' lang='lat' dir='ltr'>causa</span> <span class='ocrx_word' id='word_1_80' title='bbox 271 277 339 294; x_wconf 76' lang='lat' dir='ltr'>carceri</span> <span class='ocrx_word' id='word_1_81' title='bbox 350 277 474 299; x_wconf 85' lang='lat' dir='ltr'>manciparunt</span> <span class='ocrx_word' id='word_1_82' title='bbox 484 277 578 298; x_wconf 75' lang='lat' dir='ltr'>retutemo,</span> <span class='ocrx_word' id='word_1_83' title='bbox 589 277 709 300; x_wconf 74' lang='lat' dir='ltr'>eumdemque</span> <span class='ocrx_word' id='word_1_84' title='bbox 719 277 742 298; x_wconf 69' lang='lat' dir='ltr'>vi,</span> <span class='ocrx_word' id='word_1_85' title='bbox 753 281 802 294; x_wconf 92' lang='lat' dir='ltr'>metu</span> <span class='ocrx_word' id='word_1_86' title='bbox 812 281 885 300; x_wconf 81' lang='lat' dir='ltr'>potente</span> <span class='ocrx_word' id='word_1_87' title='bbox 895 277 959 295; x_wconf 77' lang='lat' dir='ltr'>cadere</span> <span class='ocrx_word' id='word_1_88' title='bbox 967 277 985 294; x_wconf 90' lang='lat' dir='ltr'>in</span> <span class='ocrx_word' id='word_1_89' title='bbox 992 280 1094 294; x_wconf 71' lang='lat' dir='ltr'>constantem</span> 
     </span>
     <span class='ocr_line' id='line_1_9' title="bbox 176 310 1094 332; baseline 0.001 -6"><span class='ocrx_word' id='word_1_90' title='bbox 176 310 241 330; x_wconf 77' lang='lat' dir='ltr'>virum,</span> <span class='ocrx_word' id='word_1_91' title='bbox 259 313 276 326; x_wconf 84' lang='lat' dir='ltr'>et</span> <span class='ocrx_word' id='word_1_92' title='bbox 294 310 390 330; x_wconf 75' lang='lat' dir='ltr'>violencia,</span> <span class='ocrx_word' id='word_1_93' title='bbox 402 310 450 331; x_wconf 84' lang='lat' dir='ltr'>juris</span> <span class='ocrx_word' id='word_1_94' title='bbox 467 310 531 326; x_wconf 82' lang='lat' dir='ltr'>ordine</span> <span class='ocrx_word' id='word_1_95' title='bbox 548 310 673 332; x_wconf 87' lang='lat' dir='ltr'>pretermisso.</span> <span class='ocrx_word' id='word_1_96' title='bbox 691 310 807 330; x_wconf 68' lang='lat' dir='ltr'>induxerunt,</span> <span class='ocrx_word' id='word_1_97' title='bbox 826 314 844 327; x_wconf 90' lang='lat' dir='ltr'>ut</span> <span class='ocrx_word' id='word_1_98' title='bbox 861 310 887 327; x_wconf 92' lang='lat' dir='ltr'>eis</span> <span class='ocrx_word' id='word_1_99' title='bbox 902 311 994 327; x_wconf 76' lang='lat' dir='ltr'>emendam</span> <span class='ocrx_word' id='word_1_100' title='bbox 1007 310 1094 328; x_wconf 71' lang='lat' dir='ltr'>indebitam</span> 
     </span>
     <span class='ocr_line' id='line_1_10' title="bbox 176 343 1096 366; baseline 0.001 -7"><span class='ocrx_word' id='word_1_101' title='bbox 176 343 264 366; x_wconf 76' lang='lat' dir='ltr'>gagiaret.</span> <span class='ocrx_word' id='word_1_102' title='bbox 275 343 313 365; x_wconf 81' lang='lat' dir='ltr'>Qua</span> <span class='ocrx_word' id='word_1_103' title='bbox 323 343 400 366; x_wconf 64' lang='lat' dir='ltr'>gagiata,</span> <span class='ocrx_word' id='word_1_104' title='bbox 414 343 497 360; x_wconf 86' lang='lat' dir='ltr'>eumdem</span> <span class='ocrx_word' id='word_1_105' title='bbox 510 343 528 360; x_wconf 90' lang='lat' dir='ltr'>in</span> <span class='ocrx_word' id='word_1_106' title='bbox 543 346 680 366; x_wconf 67' lang='lat' dir='ltr'>quatercentum</span> <span class='ocrx_word' id='word_1_107' title='bbox 693 343 746 361; x_wconf 84' lang='lat' dir='ltr'>libris</span> <span class='ocrx_word' id='word_1_108' title='bbox 759 344 855 366; x_wconf 66' lang='lat' dir='ltr'>parisiens,</span> <span class='ocrx_word' id='word_1_109' title='bbox 866 350 898 366; x_wconf 88' lang='lat' dir='ltr'>pro</span> <span class='ocrx_word' id='word_1_110' title='bbox 909 344 983 361; x_wconf 80' lang='lat' dir='ltr'>emenda</span> <span class='ocrx_word' id='word_1_111' title='bbox 997 344 1096 360; x_wconf 80' lang='lat' dir='ltr'>condemna-</span> 
     </span>
     <span class='ocr_line' id='line_1_11' title="bbox 177 376 1096 400; baseline 0.001 -7"><span class='ocrx_word' id='word_1_112' title='bbox 177 379 225 397; x_wconf 86' lang='lat' dir='ltr'>runt,</span> <span class='ocrx_word' id='word_1_113' title='bbox 236 376 258 393; x_wconf 82' lang='lat' dir='ltr'>ad</span> <span class='ocrx_word' id='word_1_114' title='bbox 268 382 320 399; x_wconf 81' lang='lat' dir='ltr'>quam</span> <span class='ocrx_word' id='word_1_115' title='bbox 329 376 434 393; x_wconf 82' lang='lat' dir='ltr'>solvendam</span> <span class='ocrx_word' id='word_1_116' title='bbox 445 377 528 393; x_wconf 83' lang='lat' dir='ltr'>eumdem</span> <span class='ocrx_word' id='word_1_117' title='bbox 539 380 580 393; x_wconf 86' lang='lat' dir='ltr'>ante</span> <span class='ocrx_word' id='word_1_118' title='bbox 590 376 657 394; x_wconf 87' lang='lat' dir='ltr'>exitum</span> <span class='ocrx_word' id='word_1_119' title='bbox 667 377 745 394; x_wconf 69' lang='lat' dir='ltr'>carceris</span> <span class='ocrx_word' id='word_1_120' title='bbox 757 377 894 400; x_wconf 73' lang='lat' dir='ltr'>compulerunt3</span> <span class='ocrx_word' id='word_1_121' title='bbox 908 380 925 394; x_wconf 83' lang='lat' dir='ltr'>et</span> <span class='ocrx_word' id='word_1_122' title='bbox 935 377 961 394; x_wconf 87' lang='lat' dir='ltr'>sic</span> <span class='ocrx_word' id='word_1_123' title='bbox 972 377 1071 400; x_wconf 80' lang='lat' dir='ltr'>compulsus</span> <span class='ocrx_word' id='word_1_124' title='bbox 1081 377 1096 394; x_wconf 94' lang='lat' dir='ltr'>in</span> 
     </span>
     <span class='ocr_line' id='line_1_12' title="bbox 176 410 1096 433; baseline 0.002 -7"><span class='ocrx_word' id='word_1_125' title='bbox 176 410 252 432; x_wconf 77' lang='lat' dir='ltr'>pecunia</span> <span class='ocrx_word' id='word_1_126' title='bbox 263 413 281 426; x_wconf 93' lang='lat' dir='ltr'>et</span> <span class='ocrx_word' id='word_1_127' title='bbox 290 410 399 433; x_wconf 79' lang='lat' dir='ltr'>pignoribus</span> <span class='ocrx_word' id='word_1_128' title='bbox 409 410 508 432; x_wconf 75' lang='lat' dir='ltr'>argenteis,</span> <span class='ocrx_word' id='word_1_129' title='bbox 519 410 590 433; x_wconf 80' lang='lat' dir='ltr'>integre</span> <span class='ocrx_word' id='word_1_130' title='bbox 600 410 622 427; x_wconf 85' lang='lat' dir='ltr'>de</span> <span class='ocrx_word' id='word_1_131' title='bbox 633 410 695 427; x_wconf 78' lang='lat' dir='ltr'>eadem</span> <span class='ocrx_word' id='word_1_132' title='bbox 706 410 775 427; x_wconf 86' lang='lat' dir='ltr'>eisdem</span> <span class='ocrx_word' id='word_1_133' title='bbox 786 410 874 427; x_wconf 74' lang='lat' dir='ltr'>satisfecit</span> <span class='ocrx_word' id='word_1_134' title='bbox 884 416 888 427; x_wconf 74' lang='lat' dir='ltr'>t</span> <span class='ocrx_word' id='word_1_135' title='bbox 900 416 954 433; x_wconf 87' lang='lat' dir='ltr'>super</span> <span class='ocrx_word' id='word_1_136' title='bbox 967 416 1000 433; x_wconf 85' lang='lat' dir='ltr'>qua</span> <span class='ocrx_word' id='word_1_137' title='bbox 1012 410 1096 428; x_wconf 80' lang='lat' dir='ltr'>exactione</span> 
     </span>
     <span class='ocr_line' id='line_1_13' title="bbox 176 443 1096 466; baseline 0.001 -7"><span class='ocrx_word' id='word_1_138' title='bbox 176 443 253 460; x_wconf 82' lang='lat' dir='ltr'>emende</span> <span class='ocrx_word' id='word_1_139' title='bbox 268 443 327 460; x_wconf 82' lang='lat' dir='ltr'>dictus</span> <span class='ocrx_word' id='word_1_140' title='bbox 340 443 416 460; x_wconf 78' lang='lat' dir='ltr'>scolaris</span> <span class='ocrx_word' id='word_1_141' title='bbox 431 449 464 460; x_wconf 86' lang='lat' dir='ltr'>suo</span> <span class='ocrx_word' id='word_1_142' title='bbox 480 443 567 466; x_wconf 80' lang='lat' dir='ltr'>magistro</span> <span class='ocrx_word' id='word_1_143' title='bbox 580 446 597 460; x_wconf 83' lang='lat' dir='ltr'>et</span> <span class='ocrx_word' id='word_1_144' title='bbox 609 443 651 460; x_wconf 82' lang='lat' dir='ltr'>aliis</span> <span class='ocrx_word' id='word_1_145' title='bbox 663 443 702 460; x_wconf 75' lang='lat' dir='ltr'>suis</span> <span class='ocrx_word' id='word_1_146' title='bbox 716 443 790 466; x_wconf 80' lang='lat' dir='ltr'>privatis</span> <span class='ocrx_word' id='word_1_147' title='bbox 805 443 897 466; x_wconf 78' lang='lat' dir='ltr'>magistris</span> <span class='ocrx_word' id='word_1_148' title='bbox 909 443 973 460; x_wconf 81' lang='lat' dir='ltr'>detulit</span> <span class='ocrx_word' id='word_1_149' title='bbox 986 443 1096 466; x_wconf 82' lang='lat' dir='ltr'>questionem.</span> 
     </span>
     <span class='ocr_line' id='line_1_14' title="bbox 176 476 1097 500; baseline 0 -7"><span class='ocrx_word' id='word_1_150' title='bbox 176 476 214 498; x_wconf 80' lang='lat' dir='ltr'>Qua</span> <span class='ocrx_word' id='word_1_151' title='bbox 226 476 321 498; x_wconf 81' lang='lat' dir='ltr'>questione</span> <span class='ocrx_word' id='word_1_152' title='bbox 329 476 396 496; x_wconf 77' lang='lat' dir='ltr'>audita,</span> <span class='ocrx_word' id='word_1_153' title='bbox 407 476 466 493; x_wconf 84' lang='lat' dir='ltr'>dictus</span> <span class='ocrx_word' id='word_1_154' title='bbox 476 476 584 493; x_wconf 85' lang='lat' dir='ltr'>Parisiensis</span> <span class='ocrx_word' id='word_1_155' title='bbox 594 489 604 493; x_wconf 84' lang='lat'>..</span> <span class='ocrx_word' id='word_1_156' title='bbox 613 476 730 499; x_wconf 77' lang='lat' dir='ltr'>episcopus&#39;,</span> <span class='ocrx_word' id='word_1_157' title='bbox 741 476 817 499; x_wconf 73' lang='lat' dir='ltr'>quadam</span> <span class='ocrx_word' id='word_1_158' title='bbox 828 476 857 493; x_wconf 83' lang='lat' dir='ltr'>die</span> <span class='ocrx_word' id='word_1_159' title='bbox 872 476 943 493; x_wconf 77' lang='lat' dir='ltr'>circiter</span> <span class='ocrx_word' id='word_1_160' title='bbox 952 476 1030 500; x_wconf 75' lang='lat' dir='ltr'>hyemale</span> <span class='ocrx_word' id='word_1_161' title='bbox 1040 477 1097 494; x_wconf 82' lang='lat' dir='ltr'>festum</span> 
     </span>
     <span class='ocr_line' id='line_1_15' title="bbox 176 509 1096 533; baseline 0.001 -7"><span class='ocrx_word' id='word_1_162' title='bbox 176 509 223 527; x_wconf 82' lang='lat' dir='ltr'>beati</span> <span class='ocrx_word' id='word_1_163' title='bbox 236 510 316 531; x_wconf 83' lang='lat' dir='ltr'>Martini,</span> <span class='ocrx_word' id='word_1_164' title='bbox 326 510 400 527; x_wconf 82' lang='lat' dir='ltr'>sibimet</span> <span class='ocrx_word' id='word_1_165' title='bbox 412 509 488 526; x_wconf 84' lang='lat' dir='ltr'>crimine</span> <span class='ocrx_word' id='word_1_166' title='bbox 500 509 592 530; x_wconf 80' lang='lat' dir='ltr'>conscius,</span> <span class='ocrx_word' id='word_1_167' title='bbox 606 509 628 526; x_wconf 77' lang='lat' dir='ltr'>ad</span> <span class='ocrx_word' id='word_1_168' title='bbox 642 513 721 527; x_wconf 79' lang='lat' dir='ltr'>nostram</span> <span class='ocrx_word' id='word_1_169' title='bbox 735 509 839 533; x_wconf 79' lang='lat' dir='ltr'>generalem</span> <span class='ocrx_word' id='word_1_170' title='bbox 852 510 1010 533; x_wconf 70' lang='lat' dir='ltr'>congregationem</span> <span class='ocrx_word' id='word_1_171' title='bbox 1023 510 1096 527; x_wconf 62' lang='lat' dir='ltr'>accessit⁴</span> 
     </span>
     <span class='ocr_line' id='line_1_16' title="bbox 176 542 1098 566; baseline 0 -6"><span class='ocrx_word' id='word_1_172' title='bbox 176 543 282 566; x_wconf 83' lang='lat' dir='ltr'>ibidemque</span> <span class='ocrx_word' id='word_1_173' title='bbox 292 543 388 566; x_wconf 80' lang='lat' dir='ltr'>proposuit.</span> <span class='ocrx_word' id='word_1_174' title='bbox 397 549 457 560; x_wconf 89' lang='lat' dir='ltr'>coram</span> <span class='ocrx_word' id='word_1_175' title='bbox 468 543 529 564; x_wconf 80' lang='lat' dir='ltr'>nobis,</span> <span class='ocrx_word' id='word_1_176' title='bbox 540 549 586 566; x_wconf 89' lang='lat' dir='ltr'>quos</span> <span class='ocrx_word' id='word_1_177' title='bbox 596 543 645 560; x_wconf 89' lang='lat' dir='ltr'>Deus</span> <span class='ocrx_word' id='word_1_178' title='bbox 656 543 750 566; x_wconf 84' lang='lat' dir='ltr'>conjunxit</span> <span class='ocrx_word' id='word_1_179' title='bbox 763 542 817 560; x_wconf 85' lang='lat' dir='ltr'>homo</span> <span class='ocrx_word' id='word_1_180' title='bbox 833 549 868 560; x_wconf 90' lang='lat' dir='ltr'>non</span> <span class='ocrx_word' id='word_1_181' title='bbox 883 546 962 566; x_wconf 79' lang='lat' dir='ltr'>sepnret;</span> <span class='ocrx_word' id='word_1_182' title='bbox 977 546 995 560; x_wconf 88' lang='lat' dir='ltr'>et</span> <span class='ocrx_word' id='word_1_183' title='bbox 1008 547 1047 566; x_wconf 84' lang='lat' dir='ltr'>post</span> <span class='ocrx_word' id='word_1_184' title='bbox 1059 550 1098 560; x_wconf 88' lang='lat' dir='ltr'>non-</span> 
     </span>
     <span class='ocr_line' id='line_1_17' title="bbox 177 575 1098 599; baseline 0 -6"><span class='ocrx_word' id='word_1_185' title='bbox 177 576 237 593; x_wconf 79' lang='lat' dir='ltr'>nullas</span> <span class='ocrx_word' id='word_1_186' title='bbox 245 582 300 599; x_wconf 87' lang='lat' dir='ltr'>super</span> <span class='ocrx_word' id='word_1_187' title='bbox 313 576 417 599; x_wconf 84' lang='lat' dir='ltr'>hujusmodi</span> <span class='ocrx_word' id='word_1_188' title='bbox 434 576 508 599; x_wconf 81' lang='lat' dir='ltr'>negotio</span> <span class='ocrx_word' id='word_1_189' title='bbox 523 576 551 593; x_wconf 91' lang='lat' dir='ltr'>sui</span> <span class='ocrx_word' id='word_1_190' title='bbox 566 576 696 593; x_wconf 82' lang='lat' dir='ltr'>excusaciones</span> <span class='ocrx_word' id='word_1_191' title='bbox 710 575 790 596; x_wconf 77' lang='lat' dir='ltr'>frivolas,</span> <span class='ocrx_word' id='word_1_192' title='bbox 806 582 859 593; x_wconf 74' lang='lat' dir='ltr'>numu</span> <span class='ocrx_word' id='word_1_193' title='bbox 876 576 898 593; x_wconf 93' lang='lat' dir='ltr'>ad</span> <span class='ocrx_word' id='word_1_194' title='bbox 910 580 973 599; x_wconf 80' lang='lat' dir='ltr'>pectus</span> <span class='ocrx_word' id='word_1_195' title='bbox 988 577 1069 599; x_wconf 70' lang='lat' dir='ltr'>exposita,</span> <span class='ocrx_word' id='word_1_196' title='bbox 1083 577 1098 593; x_wconf 91' lang='lat' dir='ltr'>in</span> 
     </span>
     <span class='ocr_line' id='line_1_18' title="bbox 177 608 1097 632; baseline 0 -6"><span class='ocrx_word' id='word_1_197' title='bbox 177 609 234 627; x_wconf 83' lang='lat' dir='ltr'>verbo</span> <span class='ocrx_word' id='word_1_198' title='bbox 251 609 352 626; x_wconf 82' lang='lat' dir='ltr'>sacerdotis</span> <span class='ocrx_word' id='word_1_199' title='bbox 367 608 493 632; x_wconf 85' lang='lat' dir='ltr'>sollempniter</span> <span class='ocrx_word' id='word_1_200' title='bbox 504 609 577 632; x_wconf 70' lang='lat' dir='ltr'>juravit,</span> <span class='ocrx_word' id='word_1_201' title='bbox 594 614 613 626; x_wconf 87' lang='lat' dir='ltr'>se</span> <span class='ocrx_word' id='word_1_202' title='bbox 628 609 703 626; x_wconf 89' lang='lat' dir='ltr'>omnino</span> <span class='ocrx_word' id='word_1_203' title='bbox 719 612 775 626; x_wconf 85' lang='lat' dir='ltr'>totum</span> <span class='ocrx_word' id='word_1_204' title='bbox 790 610 855 626; x_wconf 85' lang='lat' dir='ltr'>factum</span> <span class='ocrx_word' id='word_1_205' title='bbox 872 609 976 632; x_wconf 85' lang='lat' dir='ltr'>hujusmodi</span> <span class='ocrx_word' id='word_1_206' title='bbox 993 610 1097 632; x_wconf 70' lang='lat' dir='ltr'>ignorasse&#39;:</span> 
     </span>
     <span class='ocr_line' id='line_1_19' title="bbox 177 642 1098 666; baseline 0 -6"><span class='ocrx_word' id='word_1_207' title='bbox 177 643 270 666; x_wconf 82' lang='lat' dir='ltr'>voluitque</span> <span class='ocrx_word' id='word_1_208' title='bbox 282 643 355 663; x_wconf 76' lang='lat' dir='ltr'>ibidem,</span> <span class='ocrx_word' id='word_1_209' title='bbox 366 642 415 665; x_wconf 88' lang='lat' dir='ltr'>quod</span> <span class='ocrx_word' id='word_1_210' title='bbox 424 655 435 659; x_wconf 76' lang='grc'>..</span> <span class='ocrx_word' id='word_1_211' title='bbox 445 642 527 659; x_wconf 79' lang='lat' dir='ltr'>officialis</span> <span class='ocrx_word' id='word_1_212' title='bbox 537 648 582 659; x_wconf 87' lang='lat' dir='ltr'>suus</span> <span class='ocrx_word' id='word_1_213' title='bbox 595 648 650 665; x_wconf 87' lang='lat' dir='ltr'>super</span> <span class='ocrx_word' id='word_1_214' title='bbox 663 642 768 665; x_wconf 82' lang='lat' dir='ltr'>hujusmodi</span> <span class='ocrx_word' id='word_1_215' title='bbox 781 643 858 665; x_wconf 81' lang='lat' dir='ltr'>negocio</span> <span class='ocrx_word' id='word_1_216' title='bbox 871 643 892 660; x_wconf 85' lang='lat' dir='ltr'>ad</span> <span class='ocrx_word' id='word_1_217' title='bbox 905 649 945 664; x_wconf 77' lang='lat' dir='ltr'>nos,</span> <span class='ocrx_word' id='word_1_218' title='bbox 959 643 997 660; x_wconf 88' lang='lat' dir='ltr'>loco</span> <span class='ocrx_word' id='word_1_219' title='bbox 1007 643 1040 664; x_wconf 66' lang='lat' dir='ltr'>sui,</span> <span class='ocrx_word' id='word_1_220' title='bbox 1052 649 1098 660; x_wconf 87' lang='lat' dir='ltr'>voca—</span> 
     </span>
     <span class='ocr_line' id='line_1_20' title="bbox 177 675 1097 699; baseline 0 -6"><span class='ocrx_word' id='word_1_221' title='bbox 177 680 233 697; x_wconf 71' lang='lat' dir='ltr'>retur,</span> <span class='ocrx_word' id='word_1_222' title='bbox 250 679 266 693; x_wconf 89' lang='lat' dir='ltr'>et</span> <span class='ocrx_word' id='word_1_223' title='bbox 280 676 328 699; x_wconf 87' lang='lat' dir='ltr'>quod</span> <span class='ocrx_word' id='word_1_224' title='bbox 341 681 375 699; x_wconf 79' lang='lat' dir='ltr'>per</span> <span class='ocrx_word' id='word_1_225' title='bbox 387 682 426 697; x_wconf 82' lang='lat' dir='ltr'>nos,</span> <span class='ocrx_word' id='word_1_226' title='bbox 442 682 482 693; x_wconf 80' lang='lat' dir='ltr'>cum</span> <span class='ocrx_word' id='word_1_227' title='bbox 496 681 550 693; x_wconf 84' lang='lat' dir='ltr'>cause</span> <span class='ocrx_word' id='word_1_228' title='bbox 563 676 675 699; x_wconf 70' lang='lat' dir='ltr'>cognitione,</span> <span class='ocrx_word' id='word_1_229' title='bbox 686 675 767 698; x_wconf 78' lang='lat' dir='ltr'>judicato</span> <span class='ocrx_word' id='word_1_230' title='bbox 780 676 828 693; x_wconf 75' lang='lat' dir='ltr'>dicta</span> <span class='ocrx_word' id='word_1_231' title='bbox 841 676 917 699; x_wconf 80' lang='lat' dir='ltr'>pecunia</span> <span class='ocrx_word' id='word_1_232' title='bbox 930 680 977 693; x_wconf 84' lang='lat' dir='ltr'>esset</span> <span class='ocrx_word' id='word_1_233' title='bbox 991 676 1097 697; x_wconf 79' lang='lat' dir='ltr'>restituenda,</span> 
     </span>
     <span class='ocr_line' id='line_1_21' title="bbox 176 709 725 733; baseline 0 -7"><span class='ocrx_word' id='word_1_234' title='bbox 176 709 199 726; x_wconf 80' lang='lat' dir='ltr'>ad</span> <span class='ocrx_word' id='word_1_235' title='bbox 209 709 268 733; x_wconf 87' lang='lat' dir='ltr'>ipsius</span> <span class='ocrx_word' id='word_1_236' title='bbox 278 709 412 726; x_wconf 86' lang='lat' dir='ltr'>restitutionem</span> <span class='ocrx_word' id='word_1_237' title='bbox 423 715 443 726; x_wconf 87' lang='lat' dir='ltr'>se</span> <span class='ocrx_word' id='word_1_238' title='bbox 451 709 555 732; x_wconf 76' lang='lat' dir='ltr'>juramento</span> <span class='ocrx_word' id='word_1_239' title='bbox 566 709 621 726; x_wconf 81' lang='lat' dir='ltr'>simili</span> <span class='ocrx_word' id='word_1_240' title='bbox 631 709 725 732; x_wconf 80' lang='lat' dir='ltr'>obligavit.</span> 
     </span>
    </p>

    <p class='ocr_par' dir='ltr' id='par_1_3' title="bbox 174 742 1101 1301">
     <span class='ocr_line' id='line_1_22' title="bbox 222 742 1098 766; baseline 0 -7"><span class='ocrx_word' id='word_1_241' title='bbox 222 743 292 765; x_wconf 78' lang='lat' dir='ltr'>Quibus</span> <span class='ocrx_word' id='word_1_242' title='bbox 310 743 336 760; x_wconf 89' lang='lat' dir='ltr'>sic</span> <span class='ocrx_word' id='word_1_243' title='bbox 352 742 404 763; x_wconf 77' lang='lat' dir='ltr'>actis,</span> <span class='ocrx_word' id='word_1_244' title='bbox 421 742 481 759; x_wconf 80' lang='lat' dir='ltr'>&lt;lictus</span> <span class='ocrx_word' id='word_1_245' title='bbox 499 742 574 759; x_wconf 81' lang='lat' dir='ltr'>scolaris</span> <span class='ocrx_word' id='word_1_246' title='bbox 589 742 606 759; x_wconf 90' lang='lat' dir='ltr'>in</span> <span class='ocrx_word' id='word_1_247' title='bbox 621 742 704 765; x_wconf 82' lang='lat' dir='ltr'>sequenti</span> <span class='ocrx_word' id='word_1_248' title='bbox 719 742 785 760; x_wconf 85' lang='lat' dir='ltr'>abhinc</span> <span class='ocrx_word' id='word_1_249' title='bbox 798 743 941 766; x_wconf 77' lang='lat' dir='ltr'>congregatione</span> <span class='ocrx_word' id='word_1_250' title='bbox 951 747 1010 760; x_wconf 81' lang='lat' dir='ltr'>nostra</span> <span class='ocrx_word' id='word_1_251' title='bbox 1020 743 1098 766; x_wconf 79' lang='lat' dir='ltr'>generali,</span> 
     </span>
     <span class='ocr_line' id='line_1_23' title="bbox 177 776 1098 800; baseline 0 -7"><span class='ocrx_word' id='word_1_252' title='bbox 177 783 232 800; x_wconf 83' lang='lat' dir='ltr'>super</span> <span class='ocrx_word' id='word_1_253' title='bbox 245 776 349 800; x_wconf 83' lang='lat' dir='ltr'>hujusmodi</span> <span class='ocrx_word' id='word_1_254' title='bbox 363 776 437 799; x_wconf 84' lang='lat' dir='ltr'>negotio</span> <span class='ocrx_word' id='word_1_255' title='bbox 453 776 507 793; x_wconf 87' lang='lat' dir='ltr'>nobis</span> <span class='ocrx_word' id='word_1_256' title='bbox 521 776 611 799; x_wconf 82' lang='lat' dir='ltr'>querelam</span> <span class='ocrx_word' id='word_1_257' title='bbox 628 776 741 797; x_wconf 82' lang='lat' dir='ltr'>monstravit,</span> <span class='ocrx_word' id='word_1_258' title='bbox 755 776 861 799; x_wconf 72' lang='lat' dir='ltr'>supplicans</span> <span class='ocrx_word' id='word_1_259' title='bbox 874 777 922 800; x_wconf 84' lang='lat' dir='ltr'>quod</span> <span class='ocrx_word' id='word_1_260' title='bbox 936 777 979 793; x_wconf 85' lang='lat' dir='ltr'>sacta</span> <span class='ocrx_word' id='word_1_261' title='bbox 993 777 1028 794; x_wconf 82' lang='lat' dir='ltr'>lide</span> <span class='ocrx_word' id='word_1_262' title='bbox 1040 777 1060 794; x_wconf 85' lang='lat' dir='ltr'>de</span> <span class='ocrx_word' id='word_1_263' title='bbox 1072 783 1098 794; x_wconf 79' lang='lat' dir='ltr'>sua</span> 
     </span>
     <span class='ocr_line' id='line_1_24' title="bbox 177 809 1098 833; baseline 0 -6"><span class='ocrx_word' id='word_1_264' title='bbox 177 810 285 831; x_wconf 66' lang='lat' dir='ltr'>scolaritate,</span> <span class='ocrx_word' id='word_1_265' title='bbox 296 810 332 827; x_wconf 85' lang='lat' dir='ltr'>vite</span> <span class='ocrx_word' id='word_1_266' title='bbox 343 816 362 827; x_wconf 80' lang='lat' dir='ltr'>ac</span> <span class='ocrx_word' id='word_1_267' title='bbox 373 816 442 827; x_wconf 86' lang='lat' dir='ltr'>morum</span> <span class='ocrx_word' id='word_1_268' title='bbox 454 809 555 831; x_wconf 77' lang='lat' dir='ltr'>honestate,</span> <span class='ocrx_word' id='word_1_269' title='bbox 566 813 655 832; x_wconf 82' lang='lat' dir='ltr'>quatenus</span> <span class='ocrx_word' id='word_1_270' title='bbox 665 815 698 833; x_wconf 86' lang='lat' dir='ltr'>per</span> <span class='ocrx_word' id='word_1_271' title='bbox 708 816 742 827; x_wconf 88' lang='lat' dir='ltr'>nos</span> <span class='ocrx_word' id='word_1_272' title='bbox 755 810 777 827; x_wconf 79' lang='lat' dir='ltr'>ad</span> <span class='ocrx_word' id='word_1_273' title='bbox 789 810 930 833; x_wconf 81' lang='lat' dir='ltr'>recuperandam</span> <span class='ocrx_word' id='word_1_274' title='bbox 941 810 1004 827; x_wconf 75' lang='lat' dir='ltr'>dictam</span> <span class='ocrx_word' id='word_1_275' title='bbox 1014 810 1098 827; x_wconf 81' lang='lat' dir='ltr'>emendam</span> 
     </span>
     <span class='ocr_line' id='line_1_25' title="bbox 174 843 1099 867; baseline -0.001 -6"><span class='ocrx_word' id='word_1_276' title='bbox 174 844 275 866; x_wconf 69' lang='lat' dir='ltr'>juvaretur,</span> <span class='ocrx_word' id='word_1_277' title='bbox 286 844 323 861; x_wconf 83' lang='lat' dir='ltr'>Nos</span> <span class='ocrx_word' id='word_1_278' title='bbox 334 844 396 867; x_wconf 79' lang='lat' dir='ltr'>igitur,</span> <span class='ocrx_word' id='word_1_279' title='bbox 407 843 465 866; x_wconf 80' lang='lat' dir='ltr'>ipsius</span> <span class='ocrx_word' id='word_1_280' title='bbox 473 844 524 866; x_wconf 82' lang='lat' dir='ltr'>juste</span> <span class='ocrx_word' id='word_1_281' title='bbox 540 843 668 866; x_wconf 82' lang='lat' dir='ltr'>supplicationi</span> <span class='ocrx_word' id='word_1_282' title='bbox 683 843 748 860; x_wconf 89' lang='lat' dir='ltr'>merito</span> <span class='ocrx_word' id='word_1_283' title='bbox 760 847 869 864; x_wconf 78' lang='lat' dir='ltr'>annuentes,</span> <span class='ocrx_word' id='word_1_284' title='bbox 883 843 1006 866; x_wconf 79' lang='lat' dir='ltr'>deputavimus</span> <span class='ocrx_word' id='word_1_285' title='bbox 1020 850 1040 860; x_wconf 85' lang='lat' dir='ltr'>ex</span> <span class='ocrx_word' id='word_1_286' title='bbox 1054 843 1099 860; x_wconf 85' lang='lat' dir='ltr'>nobis</span> 
     </span>
     <span class='ocr_line' id='line_1_26' title="bbox 176 876 1099 901; baseline 0 -7"><span class='ocrx_word' id='word_1_287' title='bbox 176 881 236 895; x_wconf 79' lang='lat' dir='ltr'>certos</span> <span class='ocrx_word' id='word_1_288' title='bbox 245 877 342 901; x_wconf 76' lang='lat' dir='ltr'>magistros</span> <span class='ocrx_word' id='word_1_289' title='bbox 356 877 379 894; x_wconf 81' lang='lat' dir='ltr'>ad</span> <span class='ocrx_word' id='word_1_290' title='bbox 392 877 520 900; x_wconf 84' lang='lat' dir='ltr'>inquirendum</span> <span class='ocrx_word' id='word_1_291' title='bbox 533 876 555 894; x_wconf 88' lang='lat' dir='ltr'>de</span> <span class='ocrx_word' id='word_1_292' title='bbox 570 877 672 900; x_wconf 74' lang='lat' dir='ltr'>premissis.</span> <span class='ocrx_word' id='word_1_293' title='bbox 687 877 729 899; x_wconf 75' lang='lat' dir='ltr'>Qui,</span> <span class='ocrx_word' id='word_1_294' title='bbox 745 877 789 894; x_wconf 79' lang='lat' dir='ltr'>sacta</span> <span class='ocrx_word' id='word_1_295' title='bbox 804 877 922 900; x_wconf 77' lang='lat' dir='ltr'>inquisitione</span> <span class='ocrx_word' id='word_1_296' title='bbox 937 877 1037 900; x_wconf 79' lang='lat' dir='ltr'>diligenter,</span> <span class='ocrx_word' id='word_1_297' title='bbox 1055 877 1099 895; x_wconf 80' lang='lat' dir='ltr'>nohis</span> 
     </span>
     <span class='ocr_line' id='line_1_27' title="bbox 177 910 1099 933; baseline 0 -6"><span class='ocrx_word' id='word_1_298' title='bbox 177 911 279 928; x_wconf 78' lang='lat' dir='ltr'>retulerunt</span> <span class='ocrx_word' id='word_1_299' title='bbox 288 911 356 928; x_wconf 74' lang='lat' dir='ltr'>dictum</span> <span class='ocrx_word' id='word_1_300' title='bbox 364 910 464 928; x_wconf 75' lang='lat' dir='ltr'>Joliannem</span> <span class='ocrx_word' id='word_1_301' title='bbox 475 916 537 927; x_wconf 82' lang='lat' dir='ltr'>verum</span> <span class='ocrx_word' id='word_1_302' title='bbox 549 914 567 927; x_wconf 90' lang='lat' dir='ltr'>et</span> <span class='ocrx_word' id='word_1_303' title='bbox 576 910 677 933; x_wconf 80' lang='lat' dir='ltr'>legitimum</span> <span class='ocrx_word' id='word_1_304' title='bbox 688 910 777 928; x_wconf 79' lang='lat' dir='ltr'>scolarem</span> <span class='ocrx_word' id='word_1_305' title='bbox 787 916 836 931; x_wconf 75' lang='lat' dir='ltr'>esse,</span> <span class='ocrx_word' id='word_1_306' title='bbox 849 910 885 928; x_wconf 80' lang='lat' dir='ltr'>vite</span> <span class='ocrx_word' id='word_1_307' title='bbox 899 917 919 927; x_wconf 79' lang='lat' dir='ltr'>ue</span> <span class='ocrx_word' id='word_1_308' title='bbox 933 916 1000 927; x_wconf 84' lang='lat' dir='ltr'>morum</span> <span class='ocrx_word' id='word_1_309' title='bbox 1016 910 1099 928; x_wconf 81' lang='lat' dir='ltr'>honestate</span> 
     </span>
     <span class='ocr_line' id='line_1_28' title="bbox 176 944 1099 967; baseline 0 -6"><span class='ocrx_word' id='word_1_310' title='bbox 176 944 291 961; x_wconf 80' lang='lat' dir='ltr'>decorosuin.</span> <span class='ocrx_word' id='word_1_311' title='bbox 307 945 384 967; x_wconf 79' lang='lat' dir='ltr'>Propter</span> <span class='ocrx_word' id='word_1_312' title='bbox 398 944 447 967; x_wconf 89' lang='lat' dir='ltr'>quod</span> <span class='ocrx_word' id='word_1_313' title='bbox 462 944 592 967; x_wconf 82' lang='lat' dir='ltr'>requisivimus</span> <span class='ocrx_word' id='word_1_314' title='bbox 605 944 673 961; x_wconf 83' lang='lat' dir='ltr'>dictum</span> <span class='ocrx_word' id='word_1_315' title='bbox 685 957 696 961; x_wconf 63' lang='grc'>.,</span> <span class='ocrx_word' id='word_1_316' title='bbox 705 944 807 965; x_wconf 75' lang='lat' dir='ltr'>officiatem,</span> <span class='ocrx_word' id='word_1_317' title='bbox 823 948 842 961; x_wconf 86' lang='lat' dir='ltr'>ut</span> <span class='ocrx_word' id='word_1_318' title='bbox 856 944 921 961; x_wconf 75' lang='lat' dir='ltr'>dictum</span> <span class='ocrx_word' id='word_1_319' title='bbox 935 944 1009 967; x_wconf 81' lang='lat' dir='ltr'>pecunie</span> <span class='ocrx_word' id='word_1_320' title='bbox 1022 950 1099 961; x_wconf 84' lang='lat' dir='ltr'>summam</span> 
     </span>
     <span class='ocr_line' id='line_1_29' title="bbox 176 977 1099 1001; baseline 0 -7"><span class='ocrx_word' id='word_1_321' title='bbox 176 978 235 994; x_wconf 86' lang='lat' dir='ltr'>eidem</span> <span class='ocrx_word' id='word_1_322' title='bbox 248 977 313 994; x_wconf 81' lang='lat' dir='ltr'>scolari</span> <span class='ocrx_word' id='word_1_323' title='bbox 329 977 414 995; x_wconf 80' lang='lat' dir='ltr'>redderet</span> <span class='ocrx_word' id='word_1_324' title='bbox 427 981 445 994; x_wconf 89' lang='lat' dir='ltr'>et</span> <span class='ocrx_word' id='word_1_325' title='bbox 460 977 571 998; x_wconf 86' lang='lat' dir='ltr'>restitueret,</span> <span class='ocrx_word' id='word_1_326' title='bbox 586 977 620 994; x_wconf 91' lang='lat' dir='ltr'>nisi</span> <span class='ocrx_word' id='word_1_327' title='bbox 635 983 707 994; x_wconf 80' lang='lat' dir='ltr'>cansam</span> <span class='ocrx_word' id='word_1_328' title='bbox 722 977 802 1001; x_wconf 82' lang='lat' dir='ltr'>allegare</span> <span class='ocrx_word' id='word_1_329' title='bbox 816 978 876 994; x_wconf 41' lang='lat' dir='ltr'>vellet&lt;</span> <span class='ocrx_word' id='word_1_330' title='bbox 892 978 920 994; x_wconf 74' lang='lat' dir='ltr'>Ad</span> <span class='ocrx_word' id='word_1_331' title='bbox 933 983 985 1000; x_wconf 82' lang='lat' dir='ltr'>quam</span> <span class='ocrx_word' id='word_1_332' title='bbox 998 977 1099 1000; x_wconf 73' lang='lat' dir='ltr'>allegandam</span> 
     </span>
     <span class='ocr_line' id='line_1_30' title="bbox 176 1010 1098 1034; baseline 0 -7"><span class='ocrx_word' id='word_1_333' title='bbox 176 1010 311 1033; x_wconf 76' lang='lat' dir='ltr'>assignavimus</span> <span class='ocrx_word' id='word_1_334' title='bbox 321 1011 380 1027; x_wconf 82' lang='lat' dir='ltr'>eidem</span> <span class='ocrx_word' id='word_1_335' title='bbox 391 1014 456 1027; x_wconf 78' lang='lat' dir='ltr'>certam</span> <span class='ocrx_word' id='word_1_336' title='bbox 469 1010 517 1027; x_wconf 85' lang='lat' dir='ltr'>dictu</span> <span class='ocrx_word' id='word_1_337' title='bbox 528 1017 587 1027; x_wconf 87' lang='lat' dir='ltr'>coram</span> <span class='ocrx_word' id='word_1_338' title='bbox 598 1011 653 1027; x_wconf 84' lang='lat' dir='ltr'>certis</span> <span class='ocrx_word' id='word_1_339' title='bbox 663 1017 673 1027; x_wconf 76' lang='lat' dir='ltr'>a</span> <span class='ocrx_word' id='word_1_340' title='bbox 684 1011 737 1028; x_wconf 78' lang='lat' dir='ltr'>nobis</span> <span class='ocrx_word' id='word_1_341' title='bbox 748 1011 839 1034; x_wconf 82' lang='lat' dir='ltr'>deputatis</span> <span class='ocrx_word' id='word_1_342' title='bbox 849 1011 897 1034; x_wconf 80' lang='lat' dir='ltr'>aputl</span> <span class='ocrx_word' id='word_1_343' title='bbox 908 1011 990 1028; x_wconf 81' lang='lat' dir='ltr'>Sanctum</span> <span class='ocrx_word' id='word_1_344' title='bbox 1000 1011 1098 1028; x_wconf 76' lang='lat' dir='ltr'>lllnturinurn</span> 
     </span>
     <span class='ocr_line' id='line_1_31' title="bbox 176 1044 1098 1067; baseline 0.001 -7"><span class='ocrx_word' id='word_1_345' title='bbox 176 1044 263 1060; x_wconf 38' lang='lat' dir='ltr'>Parisiusi</span> <span class='ocrx_word' id='word_1_346' title='bbox 281 1044 309 1060; x_wconf 74' lang='lat' dir='ltr'>Ad</span> <span class='ocrx_word' id='word_1_347' title='bbox 326 1050 380 1066; x_wconf 83' lang='lat' dir='ltr'>quain</span> <span class='ocrx_word' id='word_1_348' title='bbox 397 1044 445 1061; x_wconf 89' lang='lat' dir='ltr'>diem</span> <span class='ocrx_word' id='word_1_349' title='bbox 463 1048 604 1067; x_wconf 81' lang='lat' dir='ltr'>comparuerunt</span> <span class='ocrx_word' id='word_1_350' title='bbox 618 1050 678 1061; x_wconf 81' lang='lat' dir='ltr'>coram</span> <span class='ocrx_word' id='word_1_351' title='bbox 695 1044 749 1061; x_wconf 82' lang='lat' dir='ltr'>&lt;lictis</span> <span class='ocrx_word' id='word_1_352' title='bbox 765 1044 856 1067; x_wconf 80' lang='lat' dir='ltr'>deputatis</span> <span class='ocrx_word' id='word_1_353' title='bbox 872 1044 919 1062; x_wconf 78' lang='lat' dir='ltr'>dicte</span> <span class='ocrx_word' id='word_1_354' title='bbox 936 1048 1001 1067; x_wconf 79' lang='lat' dir='ltr'>partes,</span> <span class='ocrx_word' id='word_1_355' title='bbox 1018 1044 1098 1061; x_wconf 69' lang='lat' dir='ltr'>scilicet⁴⁴</span> 
     </span>
     <span class='ocr_line' id='line_1_32' title="bbox 176 1070 1100 1100; baseline 0.002 -7"><span class='ocrx_word' id='word_1_356' title='bbox 176 1076 259 1094; x_wconf 74' lang='lat' dir='ltr'>officialis</span> <span class='ocrx_word' id='word_1_357' title='bbox 270 1080 286 1094; x_wconf 91' lang='lat' dir='ltr'>et</span> <span class='ocrx_word' id='word_1_358' title='bbox 297 1077 374 1094; x_wconf 84' lang='lat' dir='ltr'>scolaris</span> <span class='ocrx_word' id='word_1_359' title='bbox 384 1070 425 1094; x_wconf 81' lang='lat' dir='ltr'>ante</span> <span class='ocrx_word' id='word_1_360' title='bbox 436 1077 485 1098; x_wconf 71' lang='lat' dir='ltr'>dicti,</span> <span class='ocrx_word' id='word_1_361' title='bbox 500 1077 631 1100; x_wconf 82' lang='lat' dir='ltr'>proposuitque</span> <span class='ocrx_word' id='word_1_362' title='bbox 648 1077 715 1095; x_wconf 86' lang='lat' dir='ltr'>ibidem</span> <span class='ocrx_word' id='word_1_363' title='bbox 729 1078 789 1095; x_wconf 80' lang='lat' dir='ltr'>dictus</span> <span class='ocrx_word' id='word_1_364' title='bbox 799 1091 810 1094; x_wconf 43' lang='lat'>⁴.</span> <span class='ocrx_word' id='word_1_365' title='bbox 819 1077 901 1095; x_wconf 77' lang='lat' dir='ltr'>officialis</span> <span class='ocrx_word' id='word_1_366' title='bbox 915 1081 976 1095; x_wconf 75' lang='lat' dir='ltr'>contra</span> <span class='ocrx_word' id='word_1_367' title='bbox 989 1077 1051 1094; x_wconf 87' lang='lat' dir='ltr'>dictum</span> <span class='ocrx_word' id='word_1_368' title='bbox 1065 1084 1100 1095; x_wconf 84' lang='lat' dir='ltr'>seo-</span> 
     </span>
     <span class='ocr_line' id='line_1_33' title="bbox 176 1110 1099 1134; baseline 0.002 -8"><span class='ocrx_word' id='word_1_369' title='bbox 176 1110 239 1131; x_wconf 78' lang='lat' dir='ltr'>lnrem,</span> <span class='ocrx_word' id='word_1_370' title='bbox 250 1110 272 1127; x_wconf 83' lang='lat' dir='ltr'>ad</span> <span class='ocrx_word' id='word_1_371' title='bbox 283 1110 337 1127; x_wconf 82' lang='lat' dir='ltr'>finem</span> <span class='ocrx_word' id='word_1_372' title='bbox 348 1110 470 1127; x_wconf 82' lang='lat' dir='ltr'>restitutionis</span> <span class='ocrx_word' id='word_1_373' title='bbox 478 1111 525 1127; x_wconf 87' lang='lat' dir='ltr'>dicte</span> <span class='ocrx_word' id='word_1_374' title='bbox 536 1110 613 1133; x_wconf 87' lang='lat' dir='ltr'>pecunie</span> <span class='ocrx_word' id='word_1_375' title='bbox 623 1116 661 1127; x_wconf 89' lang='lat' dir='ltr'>non</span> <span class='ocrx_word' id='word_1_376' title='bbox 670 1111 738 1131; x_wconf 76' lang='lat' dir='ltr'>stende,</span> <span class='ocrx_word' id='word_1_377' title='bbox 749 1111 816 1128; x_wconf 84' lang='lat' dir='ltr'>dictum</span> <span class='ocrx_word' id='word_1_378' title='bbox 828 1111 915 1128; x_wconf 83' lang='lat' dir='ltr'>scolarem</span> <span class='ocrx_word' id='word_1_379' title='bbox 926 1111 1011 1134; x_wconf 79' lang='lat' dir='ltr'>prefatum</span> <span class='ocrx_word' id='word_1_380' title='bbox 1024 1111 1099 1128; x_wconf 80' lang='lat' dir='ltr'>delictum</span> 
     </span>
     <span class='ocr_line' id='line_1_34' title="bbox 178 1143 1101 1167; baseline 0.001 -7"><span class='ocrx_word' id='word_1_381' title='bbox 178 1147 227 1160; x_wconf 84' lang='lat' dir='ltr'>extra</span> <span class='ocrx_word' id='word_1_382' title='bbox 236 1143 329 1160; x_wconf 81' lang='lat' dir='ltr'>diocesem</span> <span class='ocrx_word' id='word_1_383' title='bbox 343 1143 465 1160; x_wconf 70' lang='lat' dir='ltr'>Parisiensem</span> <span class='ocrx_word' id='word_1_384' title='bbox 477 1147 599 1167; x_wconf 82' lang='lat' dir='ltr'>perpetrasse,</span> <span class='ocrx_word' id='word_1_385' title='bbox 615 1147 691 1167; x_wconf 82' lang='lat' dir='ltr'>propter</span> <span class='ocrx_word' id='word_1_386' title='bbox 705 1144 754 1167; x_wconf 83' lang='lat' dir='ltr'>quod</span> <span class='ocrx_word' id='word_1_387' title='bbox 768 1144 862 1161; x_wconf 78' lang='lat' dir='ltr'>asserebat</span> <span class='ocrx_word' id='word_1_388' title='bbox 875 1150 915 1161; x_wconf 87' lang='lat' dir='ltr'>eum</span> <span class='ocrx_word' id='word_1_389' title='bbox 931 1150 966 1161; x_wconf 87' lang='lat' dir='ltr'>non</span> <span class='ocrx_word' id='word_1_390' title='bbox 979 1145 1015 1161; x_wconf 85' lang='lat' dir='ltr'>sore</span> <span class='ocrx_word' id='word_1_391' title='bbox 1028 1144 1049 1161; x_wconf 85' lang='lat' dir='ltr'>de</span> <span class='ocrx_word' id='word_1_392' title='bbox 1061 1144 1101 1162; x_wconf 79' lang='lat' dir='ltr'>dicta</span> 
     </span>
     <span class='ocr_line' id='line_1_35' title="bbox 177 1177 1101 1201; baseline 0.002 -8"><span class='ocrx_word' id='word_1_393' title='bbox 177 1177 254 1200; x_wconf 78' lang='lat' dir='ltr'>pecunia</span> <span class='ocrx_word' id='word_1_394' title='bbox 269 1177 409 1194; x_wconf 82' lang='lat' dir='ltr'>restituendum.</span> <span class='ocrx_word' id='word_1_395' title='bbox 424 1177 488 1194; x_wconf 78' lang='lat' dir='ltr'>Dictus</span> <span class='ocrx_word' id='word_1_396' title='bbox 503 1180 562 1194; x_wconf 77' lang='lat' dir='ltr'>autem</span> <span class='ocrx_word' id='word_1_397' title='bbox 577 1177 653 1194; x_wconf 82' lang='lat' dir='ltr'>scolaris</span> <span class='ocrx_word' id='word_1_398' title='bbox 669 1177 737 1195; x_wconf 88' lang='lat' dir='ltr'>dictum</span> <span class='ocrx_word' id='word_1_399' title='bbox 751 1177 838 1195; x_wconf 78' lang='lat' dir='ltr'>delictum</span> <span class='ocrx_word' id='word_1_400' title='bbox 854 1183 931 1201; x_wconf 67' lang='lat' dir='ltr'>negans,</span> <span class='ocrx_word' id='word_1_401' title='bbox 944 1183 1027 1195; x_wconf 72' lang='lat' dir='ltr'>asserens</span> <span class='ocrx_word' id='word_1_402' title='bbox 1038 1184 1057 1195; x_wconf 89' lang='lat' dir='ltr'>se</span> <span class='ocrx_word' id='word_1_403' title='bbox 1068 1184 1101 1195; x_wconf 65' lang='lat' dir='ltr'>sco&gt;</span> 
     </span>
     <span class='ocr_line' id='line_1_36' title="bbox 177 1210 1101 1234; baseline 0.001 -7"><span class='ocrx_word' id='word_1_404' title='bbox 177 1210 232 1227; x_wconf 84' lang='lat' dir='ltr'>larem</span> <span class='ocrx_word' id='word_1_405' title='bbox 250 1210 352 1233; x_wconf 74' lang='lat' dir='ltr'>legitimum</span> <span class='ocrx_word' id='word_1_406' title='bbox 369 1216 417 1231; x_wconf 77' lang='lat' dir='ltr'>esse,</span> <span class='ocrx_word' id='word_1_407' title='bbox 435 1213 453 1227; x_wconf 85' lang='lat' dir='ltr'>et</span> <span class='ocrx_word' id='word_1_408' title='bbox 467 1210 564 1233; x_wconf 85' lang='lat' dir='ltr'>supposito</span> <span class='ocrx_word' id='word_1_409' title='bbox 580 1210 618 1227; x_wconf 87' lang='lat' dir='ltr'>sive</span> <span class='ocrx_word' id='word_1_410' title='bbox 632 1210 746 1233; x_wconf 79' lang='lat' dir='ltr'>prejudicato</span> <span class='ocrx_word' id='word_1_411' title='bbox 761 1211 817 1233; x_wconf 83' lang='lat' dir='ltr'>(quod</span> <span class='ocrx_word' id='word_1_412' title='bbox 828 1217 864 1228; x_wconf 88' lang='lat' dir='ltr'>nou</span> <span class='ocrx_word' id='word_1_413' title='bbox 881 1211 1009 1233; x_wconf 71' lang='lat' dir='ltr'>confitebatur),</span> <span class='ocrx_word' id='word_1_414' title='bbox 1018 1211 1063 1234; x_wconf 85' lang='lat' dir='ltr'>quod</span> <span class='ocrx_word' id='word_1_415' title='bbox 1072 1212 1101 1228; x_wconf 84' lang='lat' dir='ltr'>tale</span> 
     </span>
     <span class='ocr_line' id='line_1_37' title="bbox 177 1243 1101 1267; baseline 0.001 -7"><span class='ocrx_word' id='word_1_416' title='bbox 177 1243 269 1261; x_wconf 81' lang='lat' dir='ltr'>dedictum</span> <span class='ocrx_word' id='word_1_417' title='bbox 280 1246 410 1267; x_wconf 67' lang='lat' dir='ltr'>perpetrasset,</span> <span class='ocrx_word' id='word_1_418' title='bbox 422 1246 499 1260; x_wconf 74' lang='lat' dir='ltr'>attamen</span> <span class='ocrx_word' id='word_1_419' title='bbox 512 1243 534 1260; x_wconf 86' lang='lat' dir='ltr'>ad</span> <span class='ocrx_word' id='word_1_420' title='bbox 547 1243 653 1260; x_wconf 82' lang='lat' dir='ltr'>solvendam</span> <span class='ocrx_word' id='word_1_421' title='bbox 667 1244 762 1261; x_wconf 79' lang='lat' dir='ltr'>emendam</span> <span class='ocrx_word' id='word_1_422' title='bbox 775 1244 904 1266; x_wconf 66' lang='lat' dir='ltr'>pecuniariam,</span> <span class='ocrx_word' id='word_1_423' title='bbox 920 1244 987 1261; x_wconf 80' lang='lat' dir='ltr'>nostris</span> <span class='ocrx_word' id='word_1_424' title='bbox 998 1243 1101 1261; x_wconf 81' lang='lat' dir='ltr'>obstantibus</span> 
     </span>
     <span class='ocr_line' id='line_1_38' title="bbox 177 1276 1101 1301; baseline 0.001 -7"><span class='ocrx_word' id='word_1_425' title='bbox 177 1277 287 1301; x_wconf 77' lang='lat' dir='ltr'>privilegiis,</span> <span class='ocrx_word' id='word_1_426' title='bbox 296 1284 333 1295; x_wconf 79' lang='lat' dir='ltr'>non</span> <span class='ocrx_word' id='word_1_427' title='bbox 343 1280 413 1301; x_wconf 76' lang='lat' dir='ltr'>poterat</span> <span class='ocrx_word' id='word_1_428' title='bbox 426 1277 519 1300; x_wconf 81' lang='lat' dir='ltr'>compelli,</span> <span class='ocrx_word' id='word_1_429' title='bbox 534 1276 577 1294; x_wconf 89' lang='lat' dir='ltr'>licet</span> <span class='ocrx_word' id='word_1_430' title='bbox 591 1280 651 1294; x_wconf 82' lang='lat' dir='ltr'>tamen</span> <span class='ocrx_word' id='word_1_431' title='bbox 664 1277 718 1294; x_wconf 77' lang='lat' dir='ltr'>aliter</span> <span class='ocrx_word' id='word_1_432' title='bbox 731 1277 821 1300; x_wconf 83' lang='lat' dir='ltr'>potuisset</span> <span class='ocrx_word' id='word_1_433' title='bbox 835 1277 909 1301; x_wconf 77' lang='lat' dir='ltr'>corrigi,</span> <span class='ocrx_word' id='word_1_434' title='bbox 922 1278 991 1301; x_wconf 81' lang='lat' dir='ltr'>justitia</span> <span class='ocrx_word' id='word_1_435' title='bbox 1005 1278 1085 1295; x_wconf 76' lang='lat' dir='ltr'>suadente</span> <span class='ocrx_word' id='word_1_436' title='bbox 1097 1284 1101 1295; x_wconf 82' lang='lat' dir='ltr'><em>z</em></span> 
     </span>
    </p>
   </div>
   <div class='ocr_carea' id='block_1_3' title="bbox 177 1310 1100 1334">
    <p class='ocr_par' dir='ltr' id='par_1_4' title="bbox 177 1310 1100 1334">
     <span class='ocr_line' id='line_1_39' title="bbox 177 1310 1100 1334; baseline 0.001 -6"><span class='ocrx_word' id='word_1_437' title='bbox 177 1317 284 1334; x_wconf 83' lang='lat' dir='ltr'>proponens</span> <span class='ocrx_word' id='word_1_438' title='bbox 293 1311 370 1334; x_wconf 85' lang='lat' dir='ltr'>insuper</span> <span class='ocrx_word' id='word_1_439' title='bbox 380 1316 400 1327; x_wconf 92' lang='lat' dir='ltr'>se</span> <span class='ocrx_word' id='word_1_440' title='bbox 410 1310 462 1327; x_wconf 86' lang='lat' dir='ltr'>aliter</span> <span class='ocrx_word' id='word_1_441' title='bbox 472 1310 555 1333; x_wconf 90' lang='lat' dir='ltr'>punitum</span> <span class='ocrx_word' id='word_1_442' title='bbox 564 1313 581 1327; x_wconf 93' lang='lat' dir='ltr'>et</span> <span class='ocrx_word' id='word_1_443' title='bbox 591 1314 693 1328; x_wconf 87' lang='lat' dir='ltr'>correctum</span> <span class='ocrx_word' id='word_1_444' title='bbox 702 1310 724 1327; x_wconf 88' lang='lat' dir='ltr'>de</span> <span class='ocrx_word' id='word_1_445' title='bbox 733 1310 781 1327; x_wconf 73' lang='lat' dir='ltr'>dicto</span> <span class='ocrx_word' id='word_1_446' title='bbox 792 1311 858 1328; x_wconf 73' lang='lat' dir='ltr'>delicto</span> <span class='ocrx_word' id='word_1_447' title='bbox 870 1317 902 1334; x_wconf 80' lang='lat' dir='ltr'>per</span> <span class='ocrx_word' id='word_1_448' title='bbox 911 1311 1003 1328; x_wconf 68' lang='lat' dir='ltr'>officialem</span> <span class='ocrx_word' id='word_1_449' title='bbox 1011 1311 1100 1333; x_wconf 80' lang='lat' dir='ltr'>predictum</span> 
     </span>
    </p>
   </div>
  </div>
 </body>
</html>
