1273 1538
179 44 212 60 422
466 49 623 61 cmuwummmzu
640 50 734 61 umvsns.
753 50 817 60 ranis.
1049 42 1093 60 [1333

225 85 253 101 Ad
269 85 427 102 tertiumdecimum
444 85 538 102 articulum
554 86 584 107 qui
599 85 639 102 talis
654 89 694 102 est:
706 93 714 101 «
726 86 789 102 Utrum
805 85 911 102 catholicum
926 91 948 102 an
962 84 1055 101 hereticum
1068 84 1093 101 vel

181 123 277 134 erroneum
292 118 315 135 sit
329 118 389 135 dicere
403 118 452 140 quod
465 117 616 135 resurrectionem
630 123 661 134 seu
675 118 760 135 unionem
772 123 869 140 corporum
882 121 900 134 et
909 118 1004 134 animarum
1016 117 1094 139 precedet

181 154 241 167 motus
256 150 273 167 iu
290 154 377 173 tempore,
394 156 430 172 quo
445 149 556 173 colliguntur
572 150 657 172 pulveres
672 153 689 166 et
703 150 838 173 organizabitur
854 156 926 173 corpus,
941 153 958 166 et
972 149 1065 166 elevabitur
1077 150 1093 166 in

181 189 229 204 aera,
240 189 274 205 que
289 183 324 200 duo
338 182 392 199 simul
405 182 454 203 fient,
466 186 494 199 set
507 183 525 199 in
539 182 602 199 ultimo
615 183 688 199 instanti
702 183 796 205 utriusque
810 186 876 203 motus,
889 182 957 199 scilicet
966 182 1070 199 alterationis
1079 186 1093 199 et

181 215 251 236 localis,
262 216 319 232 anima
330 216 402 231 unietur
412 215 483 237 corpori
494 218 512 231 et
521 214 551 231 flet
558 215 656 237 judicium;
667 215 702 232 erit
711 219 770 232 tamen
780 215 805 232 ibi
816 215 866 238 prius
877 219 894 232 et
904 215 993 237 posterius
1003 215 1093 231 secundum

181 248 264 265 ordinem
278 251 347 268 nature,
361 253 397 264 non
410 250 468 264 autem
483 247 570 270 temporis
582 247 683 270 alicujus»,
694 247 769 265 absente
781 247 829 265 dicto
842 247 915 264 domino
927 247 1028 269 camerario,
1038 254 1094 264 onmes

181 281 224 297 dicti
235 281 316 303 magistri
327 280 458 303 respondentes
469 280 553 297 dixerunt
561 280 620 302 ipsum
629 286 670 297 esse
679 286 782 297 erroneum.
794 281 882 297 Dominus
891 284 949 297 autem
958 280 1094 303 archiepiscopus

181 313 333 335 Rothomagensis
346 312 391 329 dixit
403 313 462 335 ipsum
478 312 572 329 articulum
585 313 649 329 salsum
663 316 748 335 quantum
760 313 781 329 ud
792 313 866 335 primam
880 316 952 335 partem1
963 316 981 330 et
990 312 1043 330 voluit
1055 313 1094 330 deli-

181 345 245 362 berare
257 349 315 362 utrum
329 345 353 362 sit
365 350 462 366 erroneus;
478 349 563 368 quantum
577 349 635 362 autem
650 346 673 362 ad
687 345 785 362 secundam
800 349 868 368 partem
881 346 925 362 dixit
939 346 995 368 ipsum
1008 345 1093 363 articulum

182 384 286 398 erroneum,
297 377 381 395 videlicet
391 378 439 400 quod
450 378 480 395 fiat
490 378 600 395 resurrectio
610 382 628 395 et
634 378 724 401 judicium
735 378 787 395 ambo
798 378 816 395 in
827 378 890 395 eodem
901 379 979 395 instanti.

225 411 253 427 Ad
266 411 436 434 quartumdecimum
450 410 545 428 articulum
560 411 591 433 qui
605 411 646 428 talis
660 414 700 428 est:
710 418 719 426 «
728 412 792 428 Utrum
807 411 913 428 catholicum
929 417 950 428 nn
965 411 1058 428 hereticum
1070 412 1095 429 vel

181 450 277 460 erroneum
292 444 315 461 sit
329 444 389 461 dicere
403 444 452 466 quod
466 443 507 461 talis
521 447 549 461 est
561 444 609 460 inter
623 444 776 461 resurrectionem
789 447 806 460 et
816 444 905 466 judicium
918 444 963 461 ordo
976 448 1041 465 nature,
1053 445 1095 467 quod

179 476 238 499 primo
248 480 276 494 est
286 477 392 497 resurectio,
404 480 465 499 postea
476 476 573 500 judicium,
583 476 640 494 tercio
653 483 686 499 per
695 476 785 499 judicium
795 476 903 499 glorificatio
913 482 1007 499 corporum
1015 484 1030 498 »,
1040 483 1095 495 onmes

180 510 223 527 dicti
235 510 316 532 maffl‘stri
327 510 461 532 responderunt
471 513 489 526 et
499 509 583 526 dixerunt
593 509 652 532 ipsum
665 509 760 526 articulum
774 515 877 530 erroneum,
888 515 921 532 pro
932 515 953 526 eo
963 510 1003 532 quia
1013 510 1096 532 apostolus

180 542 224 559 dicit
234 550 242 558 «
252 543 300 565 quod
310 546 395 566 resurget
404 548 471 565 eorpus
481 542 499 559 in
509 542 592 565 gloria¹‘,
599 545 631 559 etc.
641 549 657 563 ι),
668 546 686 559 et
696 542 801 565 intelligunt
811 542 845 559 hoc
856 542 894 559 fleri
905 546 945 559 ante
953 543 1044 565 judicium.

223 575 251 592 Ad
266 575 432 598 quintumdecimum
446 575 541 592 articulum
556 575 586 598 qui
602 575 642 592 talis
658 579 686 592 est
698 581 701 591 z
716 582 724 591 «
736 576 799 592 Utrum
813 575 921 592 catholicum
935 581 956 592 an
970 581 1060 593 erroneum
1072 576 1096 593 vel

179 608 279 625 hereticum
294 608 318 625 sit
331 608 392 625 dicere
406 608 455 630 quod
470 608 570 625 resurectio
585 608 609 625 sit
622 614 659 624 non
674 608 692 624 in
707 611 760 629 terra,
775 612 803 625 set
817 608 836 625 iu
848 614 896 629 aere,
910 608 940 625 ubi
955 608 984 626 fiet
993 609 1074 631 judicium
1083 617 1095 630 n,

179 647 243 658 omnes
253 641 295 658 dicti
307 641 388 664 magistri
398 641 534 663 responderunt
543 644 562 658 et
571 641 655 657 dixerunt
665 641 724 664 ipsum
734 641 829 658 articulum
841 647 936 658 erroneum
949 641 971 658 de
983 642 1095 659 resurectione

179 673 266 697 generali*
284 674 373 691 Dominus
389 677 448 691 autem
468 673 620 697 Rothomagensis
639 674 789 697 archiepiscopus
806 678 824 691 et
839 674 895 691 frater
910 675 1011 691 Bemardus
1029 675 1095 692 Oliverii

179 706 277 724 voluerunt
286 706 395 726 deliberare,
406 713 427 723 an
438 711 487 724 esset
497 713 594 727 erroneus,
604 710 633 724 set
642 707 727 724 dixerunt
737 713 779 724 esse
789 707 861 725 salsum,

223 740 383 758 Sextumdecimum
398 739 492 757 articulum
506 740 586 757 scienter
599 740 724 757 omiserunt¹⁵.
742 740 769 757 Ad
782 740 960 763 decimumseptimum
972 741 1061 757 articulum
1070 741 1096 763 qui

179 777 207 790 est
216 773 270 790 talis:
280 781 288 789 ι(
299 774 363 791 Utrum
377 773 484 790 catholicum
498 779 520 790 :m
534 773 633 790 hereticum
644 773 673 790 vel
687 780 784 790 erroneum
796 774 819 791 sit
833 774 893 791 dicere
903 774 951 797 quod
963 774 1073 797 congregatio
1082 778 1096 791 et

179 807 290 830 segregatio,
304 807 407 824 maledictio
421 810 439 823 et
450 807 562 827 benedictio,
576 807 695 830 interrogatio
710 811 727 824 et
741 807 837 830 responsio
849 808 909 824 future
919 807 938 824 in
950 810 1026 824 extremo
1035 807 1096 830 judicio

179 840 223 857 fiant
231 840 250 857 iu
261 840 325 857 eodem
338 840 436 861 instanti»,
448 846 511 857 omnes
526 840 568 856 dicti
582 840 651 856 domini
665 840 748 863 magistri
760 840 895 862 responderunt
908 844 926 857 et
935 840 1046 857 concorditer
1054 840 1096 857 dixe·

179 876 221 889 runt
230 873 289 896 ipsum
300 873 396 890 articulum
407 879 447 890 esse
456 879 560 890 erroneum.

222 906 250 923 Ad
263 906 431 923 decimumoctavum
445 905 541 923 articulum
556 906 587 929 qui
602 905 643 923 talis
656 910 715 923 esu«
724 907 787 923 Utrum
804 905 912 923 catholicum
929 912 951 923 an
965 906 1058 923 hereticum
1072 906 1097 923 vel

178 944 275 956 erroneum
290 939 315 955 sit
330 939 391 956 dicere
407 939 456 961 quod
469 942 512 961 post
526 938 630 961 generalem
646 939 789 956 resurectionem
805 945 842 955 non
857 939 893 956 sint
907 939 989 961 permixti
999 938 1051 959 [h]edi
1062 945 1096 955 cum

178 972 249 993 ovibus,
260 971 301 988 mali
312 978 352 989 eum
363 972 416 989 bonis
425 979 441 993 n,
452 977 515 989 omnes
527 972 625 995 supradicti
636 972 705 988 domini
716 972 798 995 magistri
810 972 943 994 respondentes
956 972 1036 988 dixerunt
1045 972 1096 994 ipsum

177 1004 272 1021 articulum
286 1011 327 1022 esse
342 1011 445 1021 erroneum.
461 1005 550 1021 Dominus
564 1008 623 1021 autem
637 1005 791 1028 Rothomagensis
806 1004 954 1027 archiepiscopus
966 1008 983 1021 et
996 1005 1048 1021 frater
1060 1005 1097 1021 Ber·-

177 1037 245 1054 nardus
255 1037 330 1055 Oliverii
341 1037 438 1054 voluerunt
448 1037 557 1059 deliberare,
566 1041 625 1055 utrum
636 1038 660 1055 sit
670 1044 769 1059 erroneus3
781 1038 866 1054 dixerunt
876 1041 934 1054 tamen
945 1038 1002 1060 ipsum
1012 1037 1096 1054 articulum

177 1076 218 1087 esse
228 1071 300 1087 salsum.

221 1103 304 1121 Primum
319 1103 415 1120 articulum
430 1103 473 1120 dieti
489 1103 558 1120 domini
574 1104 657 1127 magistri
675 1107 782 1127 reputarunt
796 1110 900 1124 erroneum,
916 1110 949 1126 pro
963 1110 984 1121 eo
998 1104 1037 1127 quia
1052 1107 1098 1127 negat

177 1136 305 1158 captivitatem,
318 1136 442 1153 detentionem
455 1136 531 1153 localem
544 1140 562 1153 et
571 1136 691 1159 privationem
705 1136 801 1157 libertatis,
814 1142 853 1153 cum
865 1136 932 1159 quibus
941 1137 1060 1154 concordatin
1069 1137 1098 1153 hoc

179 1169 239 1186 dictus
249 1170 305 1186 frater
315 1169 410 1186 Emundus
420 1168 532 1186 Manescalli.

222 1203 249 1219 De
261 1202 329 1225 quibus
344 1201 498 1224 responsionibus
513 1201 560 1219 dicta
573 1202 602 1219 die
616 1202 693 1225 septima
707 1203 776 1219 mensis
789 1203 901 1225 Septembris
913 1208 946 1225 per
955 1203 1012 1220 dictos
1024 1203 1099 1220 dominos

177 1235 282 1258 magistros,
296 1239 315 1252 ut
329 1235 445 1258 premittitur,
460 1234 513 1251 sactis
529 1235 611 1257 prefatus
626 1235 712 1252 dominus
726 1236 846 1252 Penestrinus
861 1236 958 1258 episcopus
972 1236 1062 1259 requisivit
1075 1242 1099 1253 me

178 1268 267 1285 notarium
278 1268 413 1291 infrascriptum
425 1271 444 1285 ut
453 1267 497 1285 inde
506 1268 584 1285 facerem
597 1274 652 1285 unum
663 1267 692 1285 vel
703 1267 755 1291 plura
765 1267 837 1291 publica
847 1269 972 1285 instrumenta.
984 1269 1026 1286 Acta
1035 1270 1101 1287 fuerunt

177 1301 211 1317 hec
221 1306 275 1321 anno,
286 1301 393 1321 indictione,
407 1301 520 1323 pontificatu,
530 1300 571 1317 loco
586 1304 603 1317 et
615 1301 645 1317 die
655 1307 711 1324 supra
724 1301 806 1323 proxime
816 1301 888 1323 positis,
898 1302 1012 1323 presentibus
1025 1302 1101 1319 discretis
