1273 1538
178 39 212 56 258
468 45 625 57 cmurummuu
643 45 738 57 umvsuS.
756 45 820 57 ranis.
1049 39 1091 58 [1322

179 84 197 98 et
209 81 301 104 practicat,
310 81 393 99 infirmos
403 81 515 99 incessanter
524 82 614 99 visitando
626 85 644 98 et
654 85 707 104 potus
723 82 815 104 predictos
828 82 855 98 eis
867 82 926 99 dando
939 85 956 99 et
967 82 1026 99 urinas
1037 87 1091 99 eorum

180 114 267 136 videndo,
277 118 295 132 et
305 115 421 136 declarando,
431 118 450 132 ut
459 115 551 136 credebat,
562 121 624 132 eorum
634 114 763 136 infirmitatem,
773 119 793 132 ut
803 118 831 132 est
840 115 913 132 dictum.

513 163 597 186 Sequitur
607 163 774 186 interrogatoriumi

226 215 364 237 Interrogantur
374 217 430 231 testes
440 213 523 236 producti
535 219 557 229 ex
567 206 616 236 parte
627 213 698 235 decani,
707 216 746 235 etc.³
759 217 820 230 eontra
834 213 898 230 dictam
910 213 991 231 Jaeoham
1004 213 1070 235 Felicie,
1078 214 1093 231 in

183 253 218 270 quo
228 247 269 264 vico
281 247 361 264 Parisius
371 246 451 264 visitavit
465 246 554 267 infirtnoS,
568 246 587 263 iu
602 252 637 270 quo
651 247 692 264 loco
707 246 843 264 suburbiorum.
858 247 903 264 Item
916 250 974 264 utrum
986 247 1049 264 suerint
1059 253 1093 270 pre-

183 284 244 297 sentes
257 281 276 297 in
289 281 391 298 visitatione
406 279 493 302 predicta.
506 280 550 297 Item
564 281 625 303 [super
634 280 697 303 primo
710 280 791 301 articulo]
803 280 818 297 si
831 280 909 297 viderint
921 280 968 303 quod
981 280 1025 297 dieta
1038 280 1093 297 Jacobs

183 313 261 336 palpavit
271 313 335 336 pulsus
347 313 460 330 infirmorum
472 319 525 330 causa
538 313 643 336 experiendi
656 313 769 330 infirmitates
779 319 842 330 eornm
855 317 872 330 et
882 319 918 330 non
927 313 983 330 aliter.
997 314 1039 330 Item
1048 319 1094 336 super

181 346 255 363 secundo
267 346 342 363 articulo
353 344 369 363 si
379 346 458 363 viderint
471 346 535 363 dictam
548 346 632 363 Jacobam
646 346 707 363 urinas
719 346 819 369 inspicere,
828 349 845 363 et
855 346 871 363 si
881 352 902 363 eo
915 346 973 363 animo
986 346 1017 363 hoe
1030 346 1094 363 faciebat

183 382 202 396 ut
212 379 325 396 infirmitates
339 383 465 402 cognosceret.
482 380 525 396 Item
539 379 554 396 si
568 379 634 396 suerint
649 383 744 402 presentes
757 379 830 402 quando
843 379 913 396 dicebat
925 379 979 396 verba
991 383 1067 396 contenta
1079 380 1095 396 in

183 412 231 429 dicto
246 412 321 429 articulo
334 412 419 429 videlieet
428 418 431 429 z
441 419 449 428 α
459 413 497 435 Ego
507 418 540 429 vos
552 412 619 429 sanabo
628 419 644 433 υ,
657 415 689 429 etc.
702 413 746 429 Item
759 412 774 429 si
786 412 865 429 viderint
879 418 917 429 eam
929 412 994 435 pacisci
1007 413 1027 429 de
1040 412 1094 429 salario

183 445 267 462 habendo
281 449 301 462 nt
312 445 351 468 ipsa
366 448 437 462 curaret
452 445 509 462 dictas
523 445 643 462 infirmitates.
659 446 703 462 Item
721 451 776 467 super
789 445 844 462 tertio
857 445 931 462 articulo
946 448 1003 462 utrum
1017 445 1095 462 astiterint

184 484 223 495 cum
236 478 275 501 ipsa
290 478 309 495 in
322 478 424 495 visitatione
437 478 526 495 dictorum
541 478 653 494 infirmorum
667 481 685 494 et
698 478 716 494 in
730 478 844 500 inspectione
854 478 945 494 urinarum
958 484 977 495 ac
989 481 1033 495 tactu
1043 478 1095 501 pulso-

184 516 223 528 rum
238 511 344 528 eorundem.
359 511 403 528 Item
417 516 472 533 super
488 513 552 533 quar-Io
565 511 641 527 articulo
654 511 669 527 si
682 511 701 527 in
713 510 785 527 datione
799 511 902 533 cirupormn
918 514 967 527 erant
980 514 1072 533 presentes¹
1081 514 1096 528 et

183 544 235 566 cujus
248 544 339 567 qualitatis
353 547 404 561 erant
417 544 460 561 dicti
473 544 538 566 cirupi,
552 547 570 560 et
582 548 643 561 utrum
656 544 742 566 digestivi
755 550 788 560 sen
801 544 880 564 laxntivi,
893 546 932 565 eta,
947 547 1005 560 utrum
1019 544 1095 567 premissa

182 577 249 594 faceret
262 580 345 600 tanquam
361 577 473 600 practicatrix
486 577 529 593 artis
542 576 634 600 chirurgie
646 580 677 593 aut
692 577 787 594 medicine.
800 577 844 594 Item
860 583 915 600 snper
928 577 988 600 quinto
999 577 1073 598 articulo,
1082 577 1095 594 si

182 610 218 627 sint
233 616 294 627 secum
308 609 389 632 quulihet
401 610 430 626 die
445 610 517 632 quando
527 610 612 632 praelicat
621 610 641 626 in
651 610 722 626 civitate
733 610 831 627 Purisiensi
845 613 861 627 et
875 610 974 630 suburbiis,
987 613 1005 627 et
1016 610 1094 633 quomodo

183 643 243 659 sciunt
255 643 313 665 ipsam
323 648 360 659 non
372 642 411 659 sore
423 642 538 665 approbatam
551 643 570 659 in
582 642 642 665 aliquo
655 643 716 659 studio
729 643 810 665 generali
823 643 902 660 Parisius
915 643 943 660 vel
955 643 1002 664 alibi,
1015 646 1031 660 et
1040 643 1054 660 si
1062 649 1094 660 eain

182 676 261 692 viderint
273 676 320 698 apud
334 676 539 698 Montempessulanum.
555 676 599 692 Item
613 681 669 698 super
682 678 732 693 sexto
746 679 805 693 utrum
820 676 898 693 viderint
913 682 950 693 eam
964 682 1040 697 monere„
1054 679 1070 693 et
1082 676 1094 693 si

182 708 263 725 officialis
272 708 381 725 Pnrisiensis
391 708 450 731 possit
459 708 506 725 tales
514 709 633 731 practicantes
644 714 718 725 monere
729 712 746 725 et
756 715 796 725 cnm
806 709 841 725 hoc
851 715 896 731 pena
905 709 1005 731 pecuniaria
1015 709 1093 726 mulctare.

181 742 226 758 Item
240 747 296 764 super
308 741 371 759 ultimo
385 744 445 758 utrum
455 742 534 758 viderint
544 748 582 758 eam
592 745 634 764 post
644 742 762 758 monitionem
772 742 799 759 sic
809 742 873 759 factam
884 742 979 765 practicare
987 742 1032 759 circa
1040 742 1095 765 practi-

181 775 225 792 calia
244 775 341 796 medicine,
359 778 377 792 et
395 775 414 791 in
432 781 468 798 quo
488 775 527 792 vico
542 775 622 792 Parisius
642 778 659 792 et
677 775 814 797 suburbiorum,
830 778 848 792 et
863 775 893 798 qui
907 776 979 792 suerunt
995 775 1056 793 visitati
1070 781 1095 798 per

181 808 239 831 ipsam
251 812 269 826 et
281 808 297 826 si
310 808 329 825 in
343 808 464 825 declaratione
475 808 606 830 infirmitatum,
618 811 636 825 et
648 808 663 825 si
676 808 710 825 hoe
720 808 784 826 fecerit
794 814 847 826 eausa
858 808 911 830 lucri,
921 814 973 826 causa
984 808 1055 826 amicitie
1064 809 1095 826 sive

181 842 245 865 gratis,
256 845 273 859 et
283 842 299 859 si
309 842 398 865 premissa
408 842 451 859 fecit
460 845 521 859 utrum
531 847 551 859 se
560 842 617 864 ipsam
628 842 731 859 nominaret
740 842 863 865 chirurffl’cain
872 845 902 859 aut
911 841 1003 859 medicam.

225 875 318 892 lohannes
332 876 354 892 de
369 875 434 892 Sancto
447 874 558 896 Audomaro,
569 875 692 892 tabernarius‘
703 878 720 892 et
730 875 775 892 civis
786 875 850 896 Paris,
862 875 914 892 testis
923 875 1020 898 productus
1029 875 1096 897 juratus,

181 912 202 925 ut
211 909 261 930 dicit,
272 912 290 925 et
302 909 413 925 examinatus
423 914 470 925 anno
481 908 563 931 predicto
574 912 591 925 et
601 908 631 925 die
641 909 727 925 mercurii
737 912 778 931 post
787 909 854 925 festum
864 908 921 925 saneti
930 908 1036 929 Miehaelis‘,
1046 908 1096 931 requi-

181 942 227 959 situs
238 942 253 959 si
264 942 314 959 novit
324 945 384 965 partes
394 941 414 958 in
422 947 476 959 eausa
486 942 566 964 presenti
578 941 676 964 litigantes,
688 942 731 958 dicit
741 942 789 964 quod
801 942 898 964 magistros
908 947 944 958 non
955 941 1008 962 novit,
1018 941 1096 958 dominam

180 975 264 992 Jacobam
284 975 335 992 novit
353 975 376 992 de
395 975 442 991 visu.
462 975 507 991 Item
526 974 626 997 requisitus
645 974 689 997 quid
708 974 753 991 sciat
769 975 792 991 de
808 974 899 992 contentis
916 974 934 991 in
948 974 1009 997 primo
1026 974 1096 995 articulo,

181 1009 281 1031 respondet
293 1008 342 1031 quod
355 1008 377 1025 de
389 1007 493 1024 infirmitate
504 1014 535 1025 sna
546 1008 631 1025 videlicet
645 1014 698 1031 quam
712 1008 752 1031 ipse
765 1014 831 1031 passus
845 1011 873 1025 est
885 1011 965 1031 tempore
975 1014 1031 1031 nuper
1038 1007 1096 1031 elapso,

180 1041 267 1058 videlicet
278 1041 325 1058 cirea
337 1042 404 1058 festum
416 1041 517 1058 Nativitatis
529 1041 577 1058 beati
586 1041 692 1062 Johannis',
702 1041 741 1064 ipsa
751 1041 817 1058 Jacoha
827 1041 906 1058 visitavit
916 1044 933 1057 et
945 1041 1011 1063 pluries
1020 1044 1038 1057 et
1045 1041 1097 1058 urinas

181 1074 240 1097 ipsius
249 1074 296 1091 vidit
307 1077 326 1091 et
341 1074 455 1097 diligentiam
467 1073 617 1097 quamplurimam
628 1074 676 1091 circa
685 1074 745 1097 ipsum
756 1077 774 1090 et
783 1074 824 1097 ejus
836 1073 957 1091 infirmitatem
969 1073 1051 1095 adhibuit,
1060 1074 1097 1091 adeo

181 1107 231 1130 quod
241 1107 280 1130 ipse
293 1107 351 1124 credit
363 1107 420 1130 quod,
432 1107 468 1123 nisi
480 1107 529 1124 Deus
541 1110 559 1124 et
570 1107 617 1124 diota
628 1107 695 1124 Jacoha
705 1107 764 1124 eidem
776 1107 858 1130 loquenti
868 1107 887 1124 in
897 1107 943 1124 dicta
956 1106 1053 1124 infirmitate
1064 1113 1098 1124 suc—

181 1140 290 1161 currissent,
308 1146 345 1157 non
363 1146 372 1157 a
389 1140 436 1157 dicta
453 1139 556 1157 infirmitate
575 1143 649 1157 sanatus
665 1140 738 1157 fuisset⁴
757 1141 817 1163 Super
832 1140 906 1157 secundo
922 1140 997 1157 articulo
1014 1140 1098 1163 respondet

182 1173 232 1195 quod
245 1173 284 1196 ipsa
297 1173 363 1190 lacoba
376 1173 421 1189 dixit
433 1173 469 1195 ipsi
483 1173 531 1196 qued
544 1176 585 1189 cum
594 1173 635 1196 ipsa
644 1173 731 1196 loquente
743 1173 852 1190 contrahere
865 1173 938 1191 volebat
951 1176 969 1190 et
982 1173 1029 1196 quod
1037 1179 1072 1190 cum
1080 1179 1098 1190 eo

181 1206 272 1223 contraxit
282 1206 303 1223 de
314 1206 354 1229 ipso
365 1205 446 1222 sanando
458 1206 481 1222 de
489 1205 599 1227 infirmitate,
607 1212 661 1228 quam
671 1206 780 1229 patiebatur,
787 1206 904 1229 presentibus
914 1206 936 1223 ad
946 1206 980 1223 hoe
989 1212 1041 1223 uxore
1050 1206 1098 1229 ipsius

181 1242 201 1256 et
206 1239 289 1256 'ohanne
299 1239 357 1256 Fabro
365 1241 489 1256 commorante
499 1239 518 1255 in
527 1239 600 1261 parviso
610 1239 665 1256 Beate
673 1239 730 1256 Marie
739 1239 857 1260 parisiensis,
866 1242 885 1256 et
894 1239 943 1260 dicit,
952 1239 1000 1262 quod
1007 1239 1041 1256 nisi
1049 1239 1098 1262 ipsum

181 1275 253 1289 sanaret
263 1271 287 1289 de
296 1272 344 1289 dicta
354 1271 465 1293 infirmitate,
476 1271 524 1294 quod
538 1271 560 1288 de
570 1272 647 1294 pecunia
657 1272 716 1295 ipsius
727 1272 782 1289 nichil
792 1271 860 1289 habere
869 1272 948 1290 volebat.
958 1272 1073 1296 Interrogatus
1080 1272 1099 1290 ad

181 1307 269 1326 quantum
283 1304 366 1322 ascendit
379 1307 484 1321 contractus
498 1304 522 1321 de
536 1304 584 1321 dicta
597 1304 703 1322 infirmitate
716 1305 783 1327 ipsius,
798 1305 893 1327 respondit
908 1305 956 1328 quod
969 1305 1033 1323 habere
1046 1305 1099 1323 debuit

243 1332 264 1345 &S-
