1273 1538
175 53 208 69 566
465 58 625 71 εΗΛΜυιΛιιιιιΜ
641 59 737 71 ῐηιινειιεΔ
756 59 820 70 ΡΛΜΒ.
1053 53 1098 71 [1345

178 113 189 132 1
195 113 249 132 109.
262 119 347 137 compositio
355 119 429 137 definitiva
437 119 474 132 inter
484 119 591 132 vnivmnmm
599 119 697 132 Parisiensem
704 120 719 132 ee
726 120 807 132 conventum
815 119 829 132 s.
840 119 906 132 cumam·
913 118 931 132 «ιι
939 119 990 132 Procas,

776 159 814 175 1³⁴⁵!
821 159 857 172 ,ιηηῑῐ
863 160 882 175 19,
889 159 965 177 [ramim.

221 196 317 213 Universis
337 199 432 219 presentes
448 196 517 213 litteras
535 196 645 219 inspecturis
663 196 764 213 Johannes'
784 196 905 218 permissione
924 196 983 213 divina
1002 196 1097 212 monasterii

177 229 237 246 Sancti
251 229 337 246 Germani
350 229 374 246 de
387 228 445 245 Pratis
456 229 507 251 juxta
520 228 601 245 Parisius
615 228 670 245 abbas
684 228 758 245 humilis
770 231 855 251 totusque
868 228 949 251 ejusdem
961 228 996 245 loci
1005 232 1098 245 conventus

176 262 252 279 salutem
263 262 282 279 in
292 262 370 279 Domino
385 262 520 284 sempiternam.
534 262 600 278 Notum
613 262 690 279 facimus
702 262 751 284 quod
761 268 802 278 cum
813 267 865 278 causa
875 265 976 278 verteretur
985 262 1030 278 inter
1039 267 1070 278 nos
1079 268 1097 278 ex

176 301 212 312 una
220 298 270 317 parte
278 298 296 311 et
307 294 444 311 universitatem
453 294 582 317 magistrorum
590 297 608 311 et
616 294 713 311 scolarium
723 294 803 312 Parisius
811 294 922 311 studentium
931 300 952 311 ex
959 294 1013 311 altera
1020 300 1072 317 super
1078 300 1097 311 eo

176 327 225 350 quod
236 327 283 344 dicta
294 327 407 344 Universitas
418 326 491 349 petebat
501 333 510 343 a
519 327 574 344 nobis
582 327 676 349 religiosis
687 327 746 344 eidem
756 327 875 344 Universitnti
885 327 968 343 satisfieri
978 327 1000 344 de
1009 327 1098 350 arreragiis

176 359 313 382 quatuordecim
324 359 411 376 librarum
422 359 519 382 parisiens.
530 359 589 376 eidem
600 359 719 377 Universitati
729 360 820 377 annuatim
830 365 839 376 a
849 359 903 376 nobis
913 360 1011 377 debimrum
1021 365 1052 376 una
1062 365 1097 377 cum

178 392 230 415 penis
241 392 264 409 oh
274 392 365 409 desectum
376 392 474 409 solutionis
484 392 588 409 commissis
595 398 605 408 a
612 395 695 414 tempore
706 392 836 415 quinquaginta
848 392 923 409 duorum
934 398 1026 412 annorum,
1034 398 1098 409 necnon

178 424 235 441 dictas
245 425 383 447 quatuordecim
393 424 450 441 libras
460 425 552 441 annuatim
561 424 619 441 eidem
628 424 753 445 Universitati¹
762 428 782 441 ut
791 424 888 447 prefertur.
900 424 969 441 debitas
978 430 988 441 a
999 424 1049 441 nobis
1057 424 1098 441 solvi

176 457 295 480 imposterum
306 457 386 480 singulis
395 457 449 474 annis
459 463 499 474 cum
510 457 563 480 penis
573 457 648 480 adjectis
658 458 709 479 juxta
720 461 802 474 tenorem
814 457 908 480 cujusdam
917 457 1051 480 compositionis
1060 457 1097 474 olim

176 490 221 506 facte
235 493 253 506 et
266 490 311 506 inite
323 490 371 507 inter
385 495 419 506 nos
433 490 531 512 religiosos
545 493 563 506 et
577 490 717 506 Universitatem
733 489 767 506 sub
781 490 848 512 sigillis
862 490 929 506 nostris
942 493 960 506 et
974 490 1098 510 Universitatis,

177 522 330 545 postmodumque
343 522 449 539 confirmate
463 528 496 545 per
507 522 569 539 inclite
581 522 714 539 recordationis
728 522 821 539 dominum
835 522 936 545 Philippum
947 526 988 539 tunc
998 523 1098 539 Francorum

177 560 238 578 regem
247 555 266 571 in
276 560 316 571 cera
327 554 381 572 viridi
392 557 409 571 et
420 554 455 571 filis
466 555 538 575 sericis,
548 558 602 577 prout
614 555 632 571 in
642 554 709 571 litteris
720 560 775 577 super
784 554 819 571 hoc
829 555 917 572 consectis
926 555 959 572 heo
969 555 1038 577 plenius
1047 555 1099 572 conti-

177 588 261 607 nentur-¹:
273 587 327 604 nobis
337 593 381 604 vero
396 593 418 603 ex
432 587 510 604 adverso
523 587 649 604 asserentibus
661 591 679 604 et
692 587 796 604 dicentibus
809 587 830 604 ad
842 587 876 604 hec
885 588 958 604 minime
969 593 1001 604 nos
1010 588 1070 609 teneri,
1080 594 1099 605 ex

177 626 199 637 eo
209 623 227 637 et
237 626 269 642 pro
281 626 302 637 eo
316 620 366 642 quod
379 619 426 636 dicta
439 620 554 642 compositio,
565 620 581 636 si
593 625 672 643 unquam
685 620 730 637 saeta
742 620 802 641 suerit,
813 620 857 637 sacta
870 620 927 637 [uisse
937 620 1002 637 dicitur
1008 621 1042 643 jam
1052 621 1098 643 quin—

177 653 263 675 quaginta
277 652 349 669 duobus
362 652 415 669 annis
425 652 500 675 elapsis,
512 658 545 669 nec
558 653 577 669 in
590 652 724 669 observantiam
737 652 759 669 ab
772 653 857 669 alterutra
871 653 946 675 partium
960 659 1035 675 unquam
1047 653 1099 670 suerat

177 685 286 706 introducta¹
297 685 384 708 quodque
394 691 426 707 per
436 685 577 702 Universitatem
588 685 687 708 predictam
699 685 760 708 potius
773 689 848 702 steterat
859 691 911 709 qnam
924 692 956 708 per
966 691 999 702 nos
1010 685 1099 708 religiosos

178 718 269 741 predictos
283 718 382 741 quominus
395 721 501 734 conservata
515 718 596 738 suisset',
609 721 628 734 et
640 718 756 735 considerato
769 718 831 741 elapsu
847 719 890 735 tanti
902 719 988 741 temporis
1001 722 1018 735 et
1031 719 1099 741 impedi—

177 751 244 767 mentis
256 756 289 774 per
301 751 366 767 dictam
377 751 517 767 Universitatem
531 751 550 767 in
564 751 674 768 contrarium
688 751 783 774 appositis,
796 757 805 768 a
818 751 864 768 dicta
877 751 963 774 petitione
976 751 1051 774 predicta
1061 752 1099 768 Uni-

178 784 255 801 versitas
265 784 355 801 desistere
366 784 450 802 debebat,
462 784 585 801 Universitate
595 784 676 806 predicta
686 784 796 801 contrarium
807 787 906 801 asserente.

223 817 302 834 Tandem
313 817 398 839 pluribus
408 816 557 834 altercationibus
567 816 609 833 hinc
617 816 660 833 inde
670 817 737 833 habitis
748 823 780 839 pro
793 816 841 833 bono
852 817 901 839 pacis
911 817 957 833 inter
967 823 1000 833 uos
1010 817 1099 840 religiosos

178 850 270 872 predictos
287 853 305 867 et
322 850 463 867 Universitatem
481 850 579 872 predictam
596 850 725 867 concordatum
741 850 799 867 extitit
813 850 830 866 in
845 849 893 867 hunc
910 850 982 867 modum
998 850 1044 872 quod
1058 850 1099 867 dicta

178 883 286 905 compositio
300 883 353 905 cujus
367 886 419 899 tenor
432 883 516 905 sequitur
527 882 546 899 in
559 882 593 899 hec
606 882 674 899 verba:
684 890 692 898 a
704 883 800 899 Universis
813 886 908 905 presentes
919 882 987 899 litteras
1000 883 1099 905 inspecturis

178 915 270 932 Johannes
286 916 408 938 permissione
424 915 485 932 divina
502 915 607 932 monasterii
625 915 685 932 Sancti
701 915 787 932 Germani
803 915 826 931 de
842 915 899 932 Pratis
914 915 1019 932 Parisiensis
1033 915 1099 932 humilis

179 948 244 965 abbas‘
257 955 272 968 »,
288 951 328 969 eta,
343 948 446 965 servabitur
461 948 565 968 hincinde,
576 951 593 965 et
605 948 649 964 fient
659 948 777 965 limitationes
791 948 809 964 in
824 948 864 970 ipsa
878 948 1008 971 compositione
1024 951 1100 965 contente

179 981 252 997 realiter
262 984 280 997 et
292 981 314 998 de
328 981 374 998 sacto
388 981 457 1003 absque
468 981 597 1003 impedimento
607 980 629 997 ab
639 980 725 997 alterutra
735 981 812 1003 partium
823 981 927 1003 prestanda
941 981 962 997 Et
971 981 986 997 si
996 981 1100 1003 contingeret

179 1013 298 1036 imposterum
309 1020 342 1036 per
351 1014 455 1030 alterutram
466 1014 543 1036 partium
556 1017 618 1030 contra
629 1014 695 1030 dictam
705 1014 856 1036 compositionem
867 1013 934 1036 aliquid
944 1014 1047 1036 attemptari,
1057 1013 1100 1036 quod

179 1052 212 1069 per
224 1046 258 1063 hoc
271 1046 341 1063 nullum
355 1047 386 1069 jus
400 1046 418 1063 in
432 1047 517 1069 petitorio
529 1046 558 1063 vel
572 1047 688 1069 possessorio
701 1047 773 1063 facienti
786 1050 878 1069 queratur⁴v
890 1052 924 1063 nec
934 1047 979 1069 parti
989 1046 1038 1063 alteri
1046 1047 1100 1069 preju-

179 1079 245 1095 dicium
257 1082 363 1102 generetur,
374 1079 411 1095 nisi
421 1082 511 1101 quatenus
520 1079 539 1095 in
549 1079 631 1102 presenti
641 1079 738 1096 concordia
749 1082 799 1096 esset
808 1079 877 1102 aliquid
887 1079 1003 1096 immutatum⁴

223 1112 260 1128 Nos
274 1117 318 1128 vero
334 1111 417 1133 religiosi
432 1117 464 1133 pro
481 1111 572 1128 solutione
587 1111 711 1134 predictorum
726 1118 747 1129 ex
761 1115 811 1134 parte
824 1112 952 1129 Universitntis
965 1112 1057 1134 petitorum
1070 1115 1101 1128 tre>

178 1148 240 1161 cantas
251 1144 317 1161 libras³
330 1147 402 1160 monete
415 1149 464 1160 nunc
478 1144 569 1161 currentis
582 1144 641 1161 statim
652 1148 669 1161 et
681 1144 703 1161 de
714 1144 794 1167 presenti
808 1144 901 1167 posuimus
914 1144 932 1161 in
942 1150 994 1161 manu
1007 1145 1101 1167 sequestra*

178 1183 187 1193 a
200 1177 246 1194 dicta
257 1176 380 1193 Universitate
394 1176 509 1199 recipiendas
522 1176 580 1193 libere
594 1180 611 1193 et
624 1176 717 1193 habendas
732 1177 781 1193 omni
794 1183 843 1193 mora
855 1180 873 1193 et
885 1177 1012 1199 impedimento
1025 1177 1101 1195 sublatis.

177 1209 244 1226 habitis
254 1209 327 1226 licentia
338 1212 356 1225 et
365 1214 443 1225 assensu
453 1209 523 1225 domini
534 1209 592 1225 nostri
602 1215 647 1232 pape
658 1209 680 1225 de
691 1209 788 1226 donatione
799 1213 817 1226 et
826 1209 943 1226 translatione
950 1210 997 1232 juris
1004 1213 1101 1232 patronatus

176 1241 295 1258 ecclesiarum
310 1242 388 1258 inferius
403 1241 553 1258 nominandarum
569 1247 602 1264 per
616 1247 649 1258 nos
665 1242 763 1264 religiosos
778 1242 837 1258 eidem
852 1242 969 1259 Universitati
982 1243 1031 1263 sacta,
1044 1246 1060 1259 et
1072 1248 1101 1265 per

176 1273 211 1291 hoc
228 1274 324 1291 occasione
344 1273 420 1296 predicti
441 1274 529 1297 temporis
548 1279 590 1296 erga
609 1274 749 1292 Universitatem
769 1274 867 1297 predictam
887 1275 958 1298 penitus
976 1275 1100 1293 remanebimus

176 1307 273 1326 immunes.
291 1312 324 1323 nec
339 1312 348 1323 a
364 1306 418 1323 nobis
435 1306 504 1329 aliquid
520 1307 568 1323 alind
585 1307 681 1323 occasione
699 1307 821 1329 predictorum
839 1311 899 1330 petere
915 1308 981 1325 valebit
996 1308 1100 1326 Universitas
