1273 1538
181 44 227 63 1346]
376 51 400 62 Au
417 51 469 62 Anno
487 50 604 62 unul-XXXVI
621 50 686 65 usqum
704 51 727 62 An
743 51 813 63 Annua
829 51 900 63 uacci..
1070 47 1102 64 593

180 87 224 104 dicte
235 87 361 104 Universitatis
374 87 483 104 Parisiensis
496 93 516 104 se
530 91 631 110 gerentem,
645 87 695 110 quod
708 87 821 105 Universitas
834 88 943 105 Parisiensis
955 89 973 105 in
986 89 1043 111 capite
1055 89 1101 106 etin

179 120 269 141 membris,
279 120 298 137 in
310 120 394 143 personis
406 124 424 137 et
437 120 544 143 suppositis,
555 126 590 137 una
603 126 643 137 eum
652 120 727 143 juribus
736 124 754 137 et
763 120 874 141 frnnchisiis,
884 120 987 143 privilegiis
999 125 1017 138 et
1028 121 1102 139 liberta-

179 153 225 171 tibus
237 153 275 170 suis
287 157 326 170 erat
335 157 353 170 et
361 157 389 170 est
398 159 407 170 a
418 153 523 170 fundatione
533 153 661 170 Universitatis
672 154 753 176 predicte
763 154 781 170 in
792 157 853 171 nostra
866 153 914 177 salva
924 153 987 177 gardia
999 154 1074 176 speciali
1085 157 1102 171 et

179 187 221 204 adeo
235 187 311 208 notoria,
326 187 374 209 quod
390 186 433 203 nulli
449 186 497 203 dicte
511 186 560 203 salve
577 187 640 209 gai-die
657 190 740 210 poterant
756 187 880 210 ignoranciam
897 187 1006 210 pretendere
1021 187 1102 209 qualem-

178 226 253 243 cunque,
264 220 339 237 maxime
351 219 427 243 predicti
440 223 557 237 conservator
567 224 585 237 et
597 223 663 241 rector,
674 223 691 237 et
701 220 750 243 quod
761 220 805 237 licet
814 220 861 237 dicta
871 220 985 237 Universitas
995 220 1102 243 magistrum

178 254 260 272 Thomam
277 253 343 271 dictum
359 253 375 271 le
390 253 461 275 Sellier,
477 253 565 271 scolarem
582 253 710 271 Universitatis
727 253 843 275 Parisiensis,
859 253 877 270 in
893 257 942 271 certo
959 253 999 271 loco
1016 257 1101 276 tanquam

175 287 300 311 justiciabilem
311 290 328 304 et
338 286 465 310 prisionarium
476 292 528 304 suum
542 290 613 304 teneret
622 287 691 304 ratione
702 290 719 304 et
728 287 824 304 occasione
834 287 935 310 aliquorum
946 287 1028 310 gravium
1038 293 1102 304 exces-

178 327 226 338 suum
241 327 274 344 per
287 320 355 338 dictum
371 324 517 337 conservatorem
535 320 593 337 eidem
608 320 734 343 impositorum
749 323 767 337 et
781 326 813 343 per
830 320 888 343 ipsum
906 326 965 338 coram
983 326 1003 338 ea
1018 324 1102 343 tanquam

177 354 232 378 ipsius
246 354 314 371 Thome
326 354 406 377 judicem
423 353 446 371 ad
462 356 531 370 certum
541 353 596 370 finem
612 353 755 377 propositorum,
772 359 808 370 non
825 353 908 371 obstante
925 354 978 371 etiarn
993 354 1042 376 quod
1058 353 1102 371 dicti

177 388 254 411 magistri
265 387 340 409 Thome,
350 387 399 404 dicto
408 387 531 404 conservatori
542 386 577 404 hoc
586 387 662 410 petenti,
673 392 706 410 per
715 387 780 404 dictam
791 386 931 404 Universitatem
943 387 1008 404 suisset
1018 387 1102 404 remissio

175 422 222 445 juste
231 425 248 438 et
257 421 338 444 legitime
348 421 443 443 denegata,
452 420 495 438 dicti
505 424 623 438 conservator
632 424 650 438 et
660 424 720 437 rector
729 420 797 437 dictum
808 420 914 443 magistrum
924 420 1011 437 Thomam
1021 420 1044 437 de
1054 421 1102 438 dieto

177 455 222 476 loco,
232 454 250 471 in
262 460 298 477 quo
310 458 348 471 erat
361 454 408 471 dicte
419 454 547 471 Universitatis
559 454 687 477 prisionarius,
701 457 720 470 ut
731 457 760 470 est
771 453 846 475 dictum,
858 459 891 477 per
903 459 986 476 magnam
999 454 1103 471 violentiam

178 488 266 505 hominum
280 491 387 505 armatorum
401 491 492 504 traxerant
503 491 521 504 et
533 491 636 510 rapuerant,
648 490 666 504 et
678 487 744 504 multas
756 487 832 510 injurias
842 487 902 504 eidem
914 487 1018 508 intulerant,
1029 490 1047 504 et
1057 487 1104 504 ultra

178 527 236 539 muros
246 521 323 539 civitatis
335 521 444 538 Parisiensis
456 521 516 544 ipsum
526 521 621 542 duxerant,
632 520 718 538 videlicet
727 520 775 544 apud
787 521 872 538 Sanctum
883 520 981 537 Mai-tinum
990 520 1013 537 de
1023 521 1103 544 Campis,

178 558 236 572 contra
246 554 292 572 dicte
303 554 430 572 Universitatis
442 554 560 575 voluntatem,
571 558 589 571 et
598 554 656 577 ipsam
669 554 786 577 possessione
797 558 815 572 et
825 554 892 571 saisina
904 554 947 571 dicti
959 554 987 571 sui
1000 554 1104 577 prisionnrii

176 594 194 605 ac
204 588 346 611 privilegiorum⁷
359 588 462 605 libertatum
472 592 491 605 et
502 588 579 606 aliorum
591 588 660 611 jurium
671 594 745 605 suorum
759 588 840 605 indebite
851 592 868 606 et
881 588 961 611 graviter
974 587 1076 611 spoliando,
1087 592 1105 605 et

176 625 252 639 nostram
262 622 327 639 dictam
338 622 404 639 salvan·
415 622 496 645 gardiam
507 622 631 645 multipliciter
642 622 766 645 infringendo.

217 655 275 677 Quare
289 655 373 678 petebant
387 655 446 672 dictos
459 659 606 672 conservatorem
619 659 637 672 et
649 659 738 673 rectorem
750 661 783 678 per
793 656 862 672 curiam
872 659 952 673 nostram
963 659 981 672 et
993 661 1025 678 per
1034 659 1106 679 tempo-

176 688 247 706 ralitatis
257 694 290 705 sue
301 689 405 712 capcionem
415 688 500 711 compelli
511 692 529 706 et
538 689 641 712 constringi
651 689 673 705 ad
683 689 845 712 reintegrationem
856 689 903 706 dicte
914 692 977 706 nostre
985 689 1034 706 salve
1042 689 1105 712 gai-die

175 726 191 739 et
201 722 331 739 restitutionem
342 722 445 745 prisionarii
456 722 549 743 antedicti,
560 722 631 739 meliori
642 722 697 739 modo
708 728 743 746 quo
757 722 806 740 istud
816 723 875 740 facere
886 726 969 746 poterant
979 726 997 739 et
1007 722 1105 744 dehebant,

175 755 251 773 rationes
257 756 306 779 juris
315 760 334 773 et
342 756 384 774 sacti
394 755 417 773 ad
426 755 461 773 hoc
472 755 583 779 multiplices
592 756 700 779 allegantes⁴

216 790 266 807 Parte
281 790 325 807 dicti
340 790 474 807 conservatoris
490 796 511 806 ex
525 790 603 807 adverso
618 794 733 813 proponente
748 794 766 807 et
780 790 852 808 dicente
869 790 917 814 quod
934 790 977 808 dicti
992 790 1073 808 decanus
1087 795 1105 808 et

175 823 253 841 nationes
263 823 285 840 ad
295 823 397 840 faciendum
408 823 514 846 petitionem
527 829 580 847 quam
594 823 685 841 faciebant
697 823 766 841 admitti
779 830 816 841 non
830 823 927 845 debebant,
938 830 979 841 cum
990 824 1105 841 Universitas

173 863 206 874 non
216 861 282 878 essent,
297 863 330 874 nec
343 863 375 880 pro
386 856 509 874 Universitate
521 857 601 880 reputari
615 857 712 878 debebant,
723 863 756 874 nec
769 861 876 880 procurator
886 861 949 875 noster
961 857 1051 879 similiter,
1062 863 1104 875 cum

172 891 228 908 dictus
241 891 327 914 magister
337 891 415 908 Thomas
423 890 542 913 justiciabilis
555 896 600 908 suus
613 891 680 912 essm',
690 894 708 908 et
718 897 755 908 non
765 891 859 908 nationum
869 894 887 908 et
897 891 961 908 decani
972 891 1103 914 predictorum,

172 928 188 941 et
197 924 244 948 quod
254 924 272 941 in
284 924 346 947 sigillo
358 930 392 941 suo
402 927 420 941 et
430 924 497 941 litteris
510 924 560 941 curie
573 930 606 941 sue
618 924 715 941 falsitatem
728 924 850 946 commiserat,
861 924 913 948 cujus
926 924 1011 942 salsitatis
1021 924 1103 947 cognitio

172 962 187 975 et
196 958 267 981 punieio
277 958 299 975 ad
312 958 372 981 ipsum
386 961 404 974 et
415 963 452 974 non
465 958 488 974 ad
501 957 556 975 alium
569 958 679 981 pertinebat,
691 961 712 975 ut
723 958 802 979 dicebat,
815 958 838 975 de
852 958 987 975 consuetudine
1001 958 1103 981 prescripta

171 991 248 1015 legitime
256 997 288 1015 per
297 995 364 1009 tantum
373 995 451 1014 tempus,
460 991 512 1014 cujus
523 991 609 1008 contrarii
619 991 707 1008 memoria
717 997 753 1008 non
764 991 843 1012 extabat;
855 995 872 1008 et
882 991 931 1014 quod
942 991 966 1008 ob
976 991 1021 1008 hanc
1029 997 1102 1008 causam

172 1032 201 1049 per
215 1026 278 1043 dicum!
292 1026 432 1043 Universitatem
448 1031 481 1042 seu
496 1025 582 1048 majorem
595 1029 613 1042 et
625 1025 716 1042 saniorem
729 1028 797 1048 partem
810 1024 870 1048 ipsius
884 1028 902 1042 et
916 1031 948 1048 per
962 1025 1028 1042 bonam
1043 1025 1102 1048 ipsius

172 1059 317 1077 deliberationem
331 1059 374 1076 dieti
390 1059 471 1082 magistri
485 1058 554 1076 Thome
568 1058 604 1076 sibi
617 1059 662 1076 sacta
676 1059 735 1075 fuerat
747 1058 832 1075 remissio
842 1059 892 1081 juste
904 1062 923 1075 et
935 1058 1002 1080 debite,
1013 1062 1031 1076 et
1041 1059 1102 1081 ipsum

171 1093 253 1110 habuerat
268 1093 309 1110 sine
323 1092 412 1110 violencia
427 1098 547 1115 quacumque,
562 1093 623 1115 Quare
637 1098 674 1109 non
688 1092 766 1109 debebat
778 1092 863 1115 compelli
876 1092 899 1109 ad
910 1092 1014 1109 faciendum
1028 1092 1102 1109 restitu-

172 1127 235 1144 tionem
250 1127 339 1150 ejusdem,
352 1132 385 1144 nec
399 1126 547 1150 reintegrandum
561 1126 643 1150 gai-diam
660 1126 775 1147 antedictam,
790 1126 824 1143 sed
837 1126 898 1149 potius
910 1126 990 1143 debebat
1003 1126 1025 1143 ab
1038 1131 1102 1143 eorum

172 1161 254 1184 petitione
265 1160 335 1178 absolvi
345 1164 363 1178 et
375 1166 407 1177 eos
419 1160 455 1177 sibi
466 1160 484 1177 in
497 1160 536 1178 suis
549 1161 635 1183 expensis
649 1160 785 1183 condempnari,
800 1166 820 1177 ac
834 1166 905 1177 manum
919 1160 988 1183 regiam
1002 1160 1021 1177 in
1034 1159 1103 1177 dictum

172 1194 253 1211 Thomam
268 1194 368 1217 appositam
386 1200 418 1211 seu
436 1194 496 1217 ipsius
510 1194 648 1212 arresmtionem
662 1194 685 1211 ad
699 1194 758 1217 ipsius
773 1193 869 1211 utilitatem
884 1194 973 1215 amoveri,
988 1197 1006 1211 ut
1021 1193 1104 1215 dicebat,

172 1228 230 1251 plures
240 1228 320 1245 rationes
327 1228 375 1251 juris
385 1232 403 1245 et
412 1228 454 1245 facti
464 1228 546 1252 allegans
556 1229 578 1246 ad
589 1228 637 1245 hunc
647 1228 709 1246 finem⁴

212 1261 284 1279 Auditis
301 1262 357 1285 igitur
374 1262 428 1279 dictis
445 1262 534 1286 partibus7
552 1269 584 1286 per
601 1266 682 1279 nostram
699 1263 766 1280 cui-iarn
783 1262 851 1280 dictum
867 1262 900 1279 suit
914 1262 964 1285 quod
979 1261 1027 1279 dicte
1042 1266 1104 1285 partes

171 1295 247 1313 rationes
261 1301 304 1313 suas
318 1302 351 1319 per
366 1296 440 1313 modum
454 1297 542 1314 memorie
556 1296 607 1314 curie
621 1300 684 1314 nostre
697 1297 795 1315 traderent.
812 1297 883 1320 Quibus
897 1296 967 1314 traditis
977 1300 996 1314 et
1005 1296 1105 1320 diligenter

171 1329 261 1352 inspectis,
274 1335 306 1353 per
317 1334 406 1348 arrestum
416 1331 467 1348 curie
477 1335 539 1349 nostre
550 1331 618 1349 dictum
628 1331 662 1349 suit
672 1332 722 1355 quod
734 1332 781 1349 dicte
791 1335 853 1355 partes
863 1335 906 1350 sunt
915 1332 934 1349 in
944 1331 997 1349 sactis
1007 1332 1105 1350 contrariis

229 1360 243 1368 ¹·
254 1359 301 1372 Cheru
312 1359 352 1372 Unda*
361 1360 408 1373 Parisi
417 1361 434 1375 ιι,
444 1361 454 1372 ι.
703 1372 707 1377 ,
1026 1362 1041 1374 7⁵
