1273 1538
178 32 211 49 430
468 38 628 50 emmo-mnium
644 38 739 50 uuivens.
757 38 822 50 enisi
1053 31 1096 50 [1334

179 74 234 98 pibus
244 75 323 92 dominis
336 75 419 99 Philippo
430 76 463 93 Dei
473 76 530 99 gratia
543 82 586 99 rege
598 76 684 96 Navarre,
696 75 778 93 Johanne
790 75 913 99 primogenito
925 78 990 95 vestro,
1003 75 1095 97 Nummio,

180 109 280 131 Ludovico,
291 109 399 127 Berbonesii
410 109 495 131 ducibus,
505 110 571 127 Carclo
581 115 667 133 germano
678 113 739 127 vestro
750 109 852 131 Alanqonii,
865 109 949 127 Gnidone
960 109 1038 126 Blesens.
1048 109 1095 126 comi-

180 143 236 165 tibuS,
246 150 266 161 ac
280 144 386 161 reverendis
399 143 481 167 patribus
494 144 572 161 dominis
585 143 684 161 Guillelmo
694 144 783 160 Auxitano
793 143 937 166 archiepiscopo,
949 142 1043 160 Guillelmo
1054 143 1095 160 Pari-

180 177 244 199 siensi¹
255 177 328 194 Andrea
341 177 471 199 Attrehatensi,
485 177 584 195 Guillelmo
594 177 728 197 Convenarum,
742 177 795 194 Petro
809 176 928 197 Ruthenensi‚
938 176 1015 199 Rogerio
1024 177 1096 194 Lemovi-

180 211 237 232 censi„
252 211 345 228 Bernardo
358 210 459 232 Aniciensi,
473 211 555 228 Iohanne
570 210 679 227 Nivernensi
694 211 792 234 episcopis,
807 210 905 228 Guillelmo
920 210 976 227 electo
989 209 1095 233 Ebroycensi,

180 245 234 262 Petro
249 244 385 268 Clugniacensi.
400 244 486 262 Guidone
501 244 561 262 Sancti
576 244 665 267 Dyonisii,
680 244 732 262 Petro
747 244 807 262 Sancti
820 244 906 262 Germani
919 244 941 261 de
953 243 1014 265 Pratis,
1028 244 1095 267 Hugonc

180 278 278 296 Corbiensi
288 277 390 299 abbatibus,
401 281 419 295 et
430 278 506 295 aliorum
517 281 551 295 tam
562 278 670 295 clerinorum
681 284 733 301 quam
745 278 832 295 baronum
843 281 861 295 et
870 278 953 298 militum,
963 278 1095 295 consiliariorum

180 314 289 332 vestrorum,
303 311 469 335 religiosorumque
482 315 500 329 et
512 311 621 329 secularium
634 311 751 328 multitudine
764 311 845 335 copiosa.
858 311 928 328 Presato
938 314 994 328 autem
1004 311 1095 334 juramento

180 350 213 368 per
223 350 257 361 nos
267 345 343 368 prestito
353 344 388 362 due
399 344 452 362 nobis
463 345 536 362 fuerunt
545 345 639 368 proposite
649 345 766 368 questiones:

224 378 290 400 Prima7
303 381 363 395 utrum
376 378 435 396 anime
450 382 512 396 sancte
528 378 547 395 in
564 379 604 395 celo
621 378 720 396 existentes
734 378 807 395 videant
821 378 899 396 divinam
917 378 1010 396 essentiam
1024 378 1065 395 facie
1077 378 1095 396 ad

178 411 243 429 faciem
253 415 295 429 ante
304 412 446 435 resumptionem
457 418 554 435 corporum
564 415 582 429 et
592 415 632 429 ante
640 412 730 435 judicium
740 411 832 435 generale⁴

225 445 315 466 Secunda,
323 449 382 462 utrum
393 445 439 462 visio
450 452 502 469 quam
511 445 534 462 de
542 445 620 462 essentia
631 445 691 462 divina
702 451 750 462 nunc
759 445 833 466 habent,
842 445 957 463 evacuabitur
967 445 985 462 in
994 445 1022 462 die
1030 446 1095 462 extremi

177 478 243 502 judicii
253 479 287 496 alia
298 479 414 496 succedente.

225 513 247 529 Et
260 513 308 536 quia,
324 513 409 536 princeps
422 513 547 534 serenissime,
558 518 591 530 vos
604 515 624 529 ut
636 513 729 530 dominum
745 516 826 530 nostrum
842 512 955 530 carissimum
967 512 1072 529 fundatorem
1081 516 1095 530 et

180 546 302 569 gardiatorem
317 546 425 563 Parisiensis
439 546 495 564 studii
509 549 526 563 et
540 549 602 563 nostre
616 545 683 563 ibidem
700 546 803 569 theologice
817 546 907 563 facultatis
921 552 1017 569 regemque
1034 546 1095 569 precel-

180 579 246 596 lentem
260 580 341 596 revereri
354 582 437 596 tenemur
450 583 467 596 et
482 579 549 597 vestris
560 579 676 602 jussionibus
690 579 772 601 obedire,
786 579 902 597 attendentes
915 579 1014 603 specialiter
1026 579 1043 596 id
1054 580 1095 603 quod

160 633 163 639 ἱ
179 612 201 630 ab
216 619 248 630 ore
261 616 323 630 vestro
338 612 405 630 ibidem
420 613 530 634 audivimus,
545 612 616 630 scilicet
630 613 679 636 quod
694 612 750 630 nichil
766 613 784 630 in
800 613 833 630 huc
848 614 921 630 materia
936 613 1041 636 querebatis,
1054 614 1095 636 quod

160 645 163 665 “,
179 650 254 669 tangere
264 649 327 669 posset
337 646 471 663 sanctissimum
483 650 551 669 patrem
561 652 581 663 ac
593 646 685 663 dominum
700 650 781 664 nostrum
794 647 887 664 dominum
900 647 996 664 Johannem
1007 646 1057 670 digna
1068 647 1095 664 Dei

160 677 162 703 J
178 680 292 703 providentia
307 683 421 697 sacrosancte
432 680 511 697 Romane
521 686 541 697 ac
551 680 661 697 universalis
671 680 749 697 ecclesie
761 686 852 697 summum
864 680 972 703 pontificem,
983 680 1032 703 cujus
1041 686 1095 697 sumus

178 713 239 731 devoti
252 713 301 730 servi
313 717 331 730 et
343 713 382 735 filii,
393 713 479 737 quinymo
491 713 537 731 sicut
550 713 599 731 {ilius
612 714 652 737 ejus
663 713 792 731 devotissimus
802 713 890 731 honorem
904 720 955 731 snum
965 714 983 730 in
994 713 1028 731 hiis
1037 716 1054 731 et
1061 713 1095 731 aliis

178 747 270 769 zelabatis¹
285 747 437 771 advertentesque
449 747 499 771 quod
511 748 609 764 multorum
623 747 757 771 fidedignorum
772 747 859 765 relatione
872 747 979 768 audivimuS‚
994 747 1040 771 quod
1053 747 1095 771 quid-

179 781 223 806 quid
240 782 258 798 in
275 782 308 799 hnc
326 782 399 799 materia
415 782 502 799 sanctitas
519 788 551 799 sua
566 782 618 804 dixit,
634 788 671 799 non
687 782 787 799 asserendo
805 788 837 799 seu
855 782 945 805 opinando
960 782 1055 805 protulerit,
1068 782 1095 799 sed

179 815 294 833 solummodo
309 816 409 836 recitando;
423 816 598 839 considerantesque
614 815 662 839 quod
674 816 724 839 juxta
737 816 825 839 principis
839 815 962 839 apostolorum
973 815 1066 833 doctrinam
1077 815 1095 833 de

179 856 200 867 ea
212 856 247 873 que
261 850 280 866 in
292 850 346 867 nobis
360 853 394 871 est⁷
407 849 443 867 fide
456 852 474 866 et
489 856 521 873 spe
535 850 592 873 parati
607 855 648 867 esse
662 849 751 867 debemus
765 850 815 867 omni
829 850 912 873 poscenti
924 855 956 867 nos
969 849 1041 867 reddere
1052 849 1095 866 ratio-

180 884 245 903 nem²*,
256 883 349 907 sigillatim
360 884 409 907 quod
419 883 544 901 sentiebamus
557 889 612 907 super
622 883 684 907 petitis
695 883 831 907 respondimus.

224 918 260 935 Sed
274 923 339 935 omnes
353 918 372 935 in
384 917 430 935 hanc
445 918 554 935 sententiam
564 917 690 938 convenimus,
705 917 754 941 quod
767 923 777 935 a
790 921 872 941 tempore
886 918 949 935 mortis
963 917 1032 934 Domini
1043 917 1096 934 Nostri

178 951 235 969 Jhesu
245 951 320 973 Christi,
331 958 364 975 per
374 958 427 975 quam
439 952 521 975 precium
531 951 663 974 redemptionis
676 951 750 968 humani
761 951 835 975 generis
847 951 905 968 extitit
915 951 1030 975 persolutum,
1042 956 1096 968 omnes

178 985 238 1002 anime
253 989 357 1003 sanctorum
371 989 441 1009 patrum
456 991 502 1009 quas
516 985 584 1003 ibidem
597 985 675 1002 salvator
689 988 752 1002 noster
764 985 786 1002 ad
801 985 870 1002 inferos
886 985 998 1002 descendens
1012 985 1067 1002 eduxit
1078 985 1096 1002 de

179 1019 242 1040 limbo,
255 1022 396 1043 ceterorumque
408 1019 490 1037 fidelium
502 1019 568 1041 anime,
582 1025 617 1042 que
627 1019 649 1036 de
659 1019 769 1043 corporibus
779 1019 869 1040 exierunt,
880 1019 936 1036 nichil
945 1018 1029 1036 habentes
1040 1024 1096 1042 purga-

179 1052 223 1074 bile,
233 1052 263 1070 vel
276 1059 312 1076 que
323 1054 360 1076 jam
373 1053 392 1070 in
405 1053 511 1076 purgatorio
525 1057 568 1070 sunt
580 1056 662 1076 purgate,
677 1053 699 1070 ad
712 1053 801 1070 visionem
814 1053 881 1070 nudam
892 1056 909 1070 et
918 1052 989 1074 claram7
1001 1052 1095 1073 beatificam,

179 1086 280 1103 intuitivam
294 1090 312 1103 et
325 1086 446 1104 immediatam
460 1086 522 1104 divine
537 1086 617 1104 essentie
630 1090 649 1103 et
662 1086 811 1104 henedictissime
824 1086 924 1108 Trinitatis¹
938 1086 993 1103 Patris
1005 1092 1023 1103 ac
1035 1086 1071 1103 Filii
1082 1089 1097 1103 et

178 1120 257 1143 Spiritus
268 1120 335 1141 Sancti,
348 1126 401 1143 quam
413 1120 508 1144 apostolus
521 1120 577 1144 prima
588 1120 610 1137 ad
620 1120 726 1138 Corinthios
739 1120 865 1137 tertiodecimo
877 1120 957 1137 nominat
965 1120 1049 1137 visionem
1058 1120 1097 1137 faeie

178 1153 200 1171 ad
210 1153 280 1175 faciem¹
295 1156 338 1170 sunt
352 1156 452 1176 assumpte,
463 1154 539 1177 ipsaque
554 1153 619 1170 deitate
634 1153 686 1171 beata
698 1154 777 1177 perfecte
790 1154 882 1175 fruuntur,
893 1154 957 1177 etjam
968 1153 1016 1176 quod
1024 1153 1097 1171 credide-

178 1190 221 1204 runt
234 1187 325 1208 videntes,
344 1187 394 1210 quod
407 1190 528 1210 speraverunt
542 1190 632 1208 tenentes,
650 1193 687 1204 non
701 1187 720 1203 in
735 1193 767 1210 spe
780 1187 813 1204 sed
828 1187 847 1204 in
862 1193 881 1204 re
894 1190 936 1204 sunt
949 1186 1007 1208 beate;
1021 1187 1097 1210 quodque

178 1220 225 1238 dicta
235 1220 282 1237 visio
293 1226 346 1243 quam
360 1226 408 1237 nune
421 1220 495 1241 habent,
506 1220 605 1243 resumptis
617 1220 725 1243 corporibus
738 1220 812 1237 minime
825 1220 941 1238 evacuabitur
950 1220 983 1237 alia
992 1220 1096 1238 succedente.

178 1253 211 1271 sed
221 1253 299 1276 ipsamet
308 1253 327 1270 in
337 1253 371 1274 eis,
381 1259 422 1270 cum
433 1253 456 1270 sit
466 1259 528 1270 earum
538 1253 574 1271 vita
585 1256 653 1274 eterna,
663 1257 753 1277 perpetuo
763 1253 870 1271 remanebit.

223 1287 245 1303 Et
255 1287 304 1310 quia⁷
318 1287 404 1310 princeps
418 1287 487 1308 inclite,
501 1287 617 1310 postmodum
630 1287 649 1303 in
663 1287 693 1304 die
706 1287 763 1304 sancti
773 1287 862 1304 Johannis
874 1287 984 1311 evangeliste
996 1293 1028 1304 nos
1036 1287 1098 1305 fecistis

179 1320 259 1337 Pnrisins
274 1320 383 1343 congregari
397 1324 414 1337 et
428 1320 496 1337 ibidem
512 1320 579 1337 suimus
594 1323 655 1337 vestro
670 1320 743 1337 nomine
758 1320 849 1343 requisiti,
865 1323 884 1337 ut
897 1320 942 1337 illud
956 1321 1003 1343 quod
1017 1321 1060 1338 dicu
1073 1321 1098 1338 die
