1273 1538
185 44 230 63 1342]
376 49 400 61 AB
416 49 470 61 Anno
486 48 603 60 ncczxxxw
620 48 686 63 usqui:
702 48 726 59 An
742 48 812 60 Annum
829 48 899 59 mecm„
1070 42 1101 59 531

184 87 244 104 scolari
254 86 332 103 Parisius
342 89 394 106 emat,
405 85 441 102 nisi
450 85 534 108 primitus
544 85 599 102 suerit
608 88 690 107 portatus
700 84 772 107 publice
782 90 815 107 per
823 88 899 107 quatuor
909 84 948 101 dies
959 84 977 101 in
987 84 1102 101 sermonibus

184 120 227 143 apud
239 120 302 136 fratres
311 122 329 136 et
338 119 438 136 venditioni
451 118 545 141 expositus
557 121 575 135 et
586 122 672 135 ostensus
685 118 788 141 petentibus
798 118 847 134 omni
857 118 919 134 frande
929 121 995 138 amota;
1010 117 1033 135 ita
1043 121 1102 134 tamen

184 153 228 176 quod
239 153 254 169 si
266 152 340 169 scolaris
350 153 378 169 vel
389 152 475 175 magister
487 152 593 174 compulsus
605 152 714 169 necessitate
727 154 801 175 propter
814 157 904 168 recessum
914 151 943 168 vel
956 150 999 167 alias
1012 157 1048 168 non
1060 157 1102 174 pos-

183 189 220 203 sent
229 189 294 202 tantum
306 189 406 208 expectare,
417 185 439 202 de
450 191 541 202 consensu
555 185 632 202 rectoris
642 185 775 206 Universitatis,
787 184 818 208 qui
828 185 862 202 erit
872 190 905 207 pro
917 187 1005 207 tempore,
1015 184 1101 208 magister

182 219 208 236 vel
220 219 293 235 scolaris
307 221 391 241 poterunt
400 218 458 235 libros
473 218 559 239 vendere,
573 219 618 235 sacta
632 218 667 235 fide
683 218 705 235 de
720 224 811 235 consensu
825 218 901 235 rectoris
914 224 946 241 per
959 218 1058 241 signetum‚
1071 220 1100 239 [et]

182 251 246 269 librarii
256 255 339 274 poterunt
350 258 409 268 emere
419 251 477 269 libros
488 252 527 269 sine
538 251 572 269 hoc
582 252 630 275 quod
641 252 659 269 in
670 252 786 269 sermonibus
793 255 916 275 apportentur.

222 285 272 307 Item,
282 285 330 308 quod
340 285 401 302 nullus
411 285 518 302 intromittet
528 291 547 302 se
560 285 582 302 de
592 286 682 303 taxatione
692 285 780 303 librorum
790 291 864 309 quoquo
874 286 928 303 modo
941 286 976 303 nisi
985 290 1059 303 vocatus
1069 292 1101 309 per

181 318 253 341 aliquem
263 318 285 335 de
294 318 424 341 principalibus
431 318 504 341 juratis.

222 352 271 373 Item,
281 352 329 374 quod
339 351 408 369 ratione
418 351 460 368 libri
471 352 499 369 vel
508 352 604 373 librorum,
615 358 624 369 a
635 352 729 369 venditore
740 352 827 375 magistro
837 353 864 370 vel
878 353 943 370 scolari
956 353 1011 370 nichil
1021 353 1101 377 exigent,

182 391 212 402 nec
221 385 242 402 ab
251 388 330 408 emptore
340 389 380 402 actu
390 385 475 402 studente
486 385 566 402 Parisius
576 386 622 402 ultra
633 389 710 408 quatuor
720 386 805 403 denarios
815 386 838 402 de
847 386 900 407 libra,
911 389 928 403 et
938 386 959 404 ab
970 387 1059 404 extraneis
1069 392 1101 404 sex

181 418 266 435 denarios.

221 452 270 473 Item,
280 452 329 475 quod
339 452 408 469 nullum
419 455 489 475 pactum
499 452 565 469 sacient
575 458 608 475 per
618 458 638 469 se
648 452 677 469 vel
689 458 721 476 per
731 452 792 473 alium,
804 452 871 470 directe
881 453 910 470 vel
922 453 1016 474 indirecte,
1027 453 1049 470 de
1059 453 1101 470 vino

181 485 278 508 recipiendo
292 486 337 502 ultra
350 485 368 502 id
380 486 429 509 quod
442 485 464 502 ab
479 485 599 503 Universimte
612 489 640 502 est
652 489 737 507 taxatum,
751 491 784 502 nec
793 486 889 503 occasione
902 486 975 508 majoris
985 487 1013 503 vel
1026 486 1101 503 minoris

180 519 228 542 pretii
237 525 269 542 pro
279 525 340 536 eorum
350 519 392 536 vino
403 519 491 536 librorum
501 519 582 536 venditio
593 519 686 536 differatur
696 525 769 542 quoquo
780 519 840 536 modo,

219 553 262 570 Item
271 552 292 570 de
300 553 433 574 stationariis&
444 552 492 576 quod
504 552 612 575 exemplaria
623 558 658 576 que
668 552 741 573 habent,
753 556 795 569 sunt
804 558 847 570 vera
857 556 874 570 et
884 557 964 570 correcta
974 559 1007 576 pro
1016 559 1077 576 posse.

219 586 268 607 Item,
279 586 327 609 quod
340 591 372 609 pro
386 585 520 609 exemplaribus
534 586 580 603 utu-a
592 586 610 603 id
621 586 670 609 quod
682 586 704 603 ab
714 586 836 603 Universitate
846 590 922 603 taxatum
933 590 968 608 est,
979 592 1015 603 non
1027 587 1101 610 exigent

179 626 187 637 a
196 619 282 643 magistris
292 620 321 637 vel
330 619 438 637 scolaribus.

218 654 267 675 Item,
277 654 325 676 quod
338 659 371 676 pro
383 653 518 676 exemplaribus
528 653 550 670 ab
561 653 683 670 Universitate
696 659 733 670 non
745 654 809 671 taxatis
822 654 867 671 ultra
878 654 947 676 justum
961 657 978 671 et
988 654 1099 671 moderatum

178 687 256 704 salarium
266 693 302 704 non
311 687 391 710 exigent,

217 721 266 742 Item,
277 721 325 744 quod
335 727 371 738 non
381 721 512 744 attemptabunt
522 721 591 744 aliquid
601 720 639 738 doli
648 720 678 738 vel
688 721 757 738 fraudis
766 721 814 738 circa
825 721 903 738 officium
915 727 969 738 suum
982 721 1029 738 unde
1042 721 1100 744 possit

178 754 286 772 studentibus
296 754 369 778 aliquod
379 754 507 772 detrimentum
518 754 598 772 evenire*

217 789 266 810 Item,
279 789 327 812 quod
340 788 417 812 quilibet
428 788 493 806 habeat
503 788 581 806 tabulam
593 789 615 805 de
625 794 736 812 pergameno
747 788 832 811 scriptam
846 788 864 805 in
874 788 921 805 bona
931 788 991 806 littera
1001 791 1018 805 et
1028 791 1100 811 patente

178 823 247 846 positam
257 822 278 839 ad
288 823 392 843 fenestram,
401 822 419 839 in
429 828 463 845 qua
474 823 540 845 scripta
551 822 588 839 sint
597 822 657 839 omnia
667 822 776 845 exemplaria
786 822 853 845 quibus
863 822 919 839 utitur
927 825 944 839 et
954 828 989 845 que
999 822 1038 844 ipse
1047 821 1100 838 habet

178 862 213 873 cum
223 856 282 879 precio
292 856 386 873 taxationis
397 862 465 873 eorum⁴

217 890 265 911 Item,
278 890 294 907 si
306 889 384 907 habeant
396 890 456 912 aliqua
470 890 579 913 exemplaria
593 896 630 907 non
644 893 707 911 taxata,
721 895 741 906 ea
753 896 789 907 non
803 889 968 911 communicabunt,
981 889 1039 906 donec
1052 889 1100 905 dicte

178 923 287 941 Universitati
297 923 355 941 oblata
365 923 433 940 suerint
443 929 476 940 seu
486 927 550 941 taxata

216 958 265 978 Item,
275 958 323 980 quod
338 957 373 980 ipsi
387 957 475 974 librorum
489 957 560 975 utilium
571 963 604 981 pro
615 958 677 975 studio
690 958 816 980 cujuscunque
829 956 918 974 facultatis
928 956 1037 979 exemplaria
1047 959 1101 978 prout

176 991 235 1008 melius
245 994 261 1008 et
275 991 328 1008 citius
343 994 434 1014 poterunt,
450 991 574 1014 procurabunt
584 991 606 1008 ad
616 992 733 1009 commodum
743 991 855 1008 studentium
866 994 884 1008 et
894 990 1041 1008 stationariorum
1051 990 1100 1007 utili-

177 1028 231 1041 tatem*

215 1059 264 1080 item,
275 1059 323 1082 quod
333 1059 349 1076 si
358 1058 452 1082 contingat
461 1059 511 1082 quod
521 1058 600 1076 habeant
610 1059 671 1082 aliqua
681 1059 790 1082 exemplaria
801 1064 853 1080 nova,
865 1064 885 1075 ea
895 1064 930 1075 non
941 1058 1101 1075 communicabunt

177 1098 206 1109 nec
218 1098 250 1115 pro
266 1092 332 1115 seipsis
346 1099 379 1110 nec
395 1098 427 1116 pro
442 1092 489 1114 aliis,
505 1093 564 1110 donec
578 1093 646 1110 suerint
663 1092 761 1116 approbata
775 1098 808 1116 per
823 1092 969 1113 Universitatem,
984 1095 1065 1109 correcta
1082 1095 1100 1109 et

177 1129 233 1143 taxata,

214 1161 263 1181 Item,
274 1160 321 1183 quod
331 1166 368 1177 non
380 1161 460 1177 vendent
473 1166 507 1177 seu
519 1160 625 1178 alienabunt
635 1160 744 1184 exemplaria
758 1166 790 1178 sua
806 1160 845 1178 sine
860 1166 951 1177 consensu
963 1159 1096 1177 Universitatis,

214 1193 231 1211 Si
240 1199 282 1211 vero
292 1194 392 1211 stationarii
401 1197 463 1211 contra
474 1194 611 1217 prenominatos
621 1194 708 1211 articulos
716 1194 745 1212 vel
755 1194 832 1217 aliquem
844 1200 907 1211 eorum
915 1194 983 1217 aliquid
992 1197 1097 1216 attemptare

174 1228 310 1251 presumpserint
323 1234 355 1245 seu
367 1228 521 1249 contravenerint,
535 1234 544 1245 a
557 1234 591 1245 suo
605 1228 665 1245 officio
678 1228 702 1245 sit
712 1228 743 1245 ille
756 1228 786 1251 qui
796 1228 831 1245 hoc
843 1228 906 1245 fecerit
916 1228 986 1245 alienus
997 1228 1070 1251 penitus
1079 1232 1097 1246 et

174 1261 247 1284 privatus
257 1267 313 1285 usque
322 1262 344 1279 ad
354 1262 496 1279 satisfactionem
507 1262 616 1286 condignam
627 1265 645 1279 et
656 1262 789 1279 revocationem
801 1262 933 1279 Universitatis.

212 1296 284 1313 Nomina
293 1302 336 1313 vero
346 1296 461 1313 librariorum
472 1299 490 1313 et
500 1296 647 1314 stationariorum
655 1296 687 1319 qui
694 1296 802 1319 juraverunt
812 1300 854 1314 sunt
864 1296 897 1314 hec
906 1302 910 1313 2
919 1296 997 1314 Thomas
1007 1297 1030 1315 de
1038 1297 1096 1315 Seno-

173 1329 204 1350 nis,
218 1329 311 1347 Nieholaus
325 1330 348 1347 de
363 1330 456 1352 Branchis,
472 1330 564 1348 Johannes
578 1329 653 1351 Vachet,
668 1330 761 1347 Johannes
779 1330 831 1348 Parvi
843 1330 939 1354 Anglicus,
952 1331 1062 1350 Guillelmus
1072 1332 1095 1350 de
