1273 1538
176 50 209 66 244
465 55 624 67 εΗΛιιτῑνι-Αιιιωι
641 55 737 67 unwnns.
755 56 819 67 ranis*
1051 48 1092 67 [¹32¹

177 92 291 114 parrochiani
305 98 341 108 non
355 95 450 109 teneantur
464 92 547 109 confiteri
561 92 620 109 omnia
634 95 707 115 peccata
721 98 754 109 sua
766 92 823 109 semel
836 92 854 109 in
867 98 915 109 anuo
929 91 1001 114 proprio
1015 91 1094 108 sacerdoti

178 131 231 148 quent
242 125 286 142 dicit
296 131 337 142 esse
347 125 478 148 parrochialem
489 128 577 145 curatum,
585 125 640 141 immo
650 130 684 141 nec
695 125 744 142 Deus
752 128 815 148 posset
825 125 859 142 hoc
869 125 934 145 facere,
943 125 990 147 quia,
998 127 1017 141 ut
1026 124 1093 145 dicebat,

178 158 258 181 implicat
277 158 445 175 contradictionem.
468 158 538 178 Tertio,
555 158 604 181 quod
620 164 664 180 papa
685 164 721 174 non
740 161 801 181 potest
817 158 859 174 dare
878 157 981 181 generalem
998 161 1093 180 potestatem

178 191 263 208 audiendi
281 191 416 211 consessiones,
433 191 488 207 immo
505 197 538 208 nec
557 191 607 207 Deus
625 191 669 213 quin
688 191 784 207 coufessus
803 191 876 207 habenti
895 190 996 213 generalem
1014 190 1092 207 licentiam

178 227 260 241 teneatur
275 224 338 241 eadem
352 224 418 241 iterum
433 223 515 240 confiteri
530 229 563 240 suo
577 223 651 246 proprio
664 224 761 245 sacerdoti,
775 229 828 246 quem
842 224 886 240 dicit
899 229 946 244 esse=
959 226 978 240 ut
990 224 1093 246 premittitur,

178 257 309 280 parrochialem
324 257 422 274 curatum'.
436 257 473 273 Nos
487 257 542 279 igitur
557 257 604 274 scire
617 256 701 273 volentes
714 257 729 273 si
742 260 830 280 suggesta
842 256 896 273 nobis
906 257 997 274 veritatem
1011 256 1093 278 haberent¹

177 290 294 307 articulorum
308 290 439 313 premissorum
452 290 522 312 copiam
535 290 594 306 eidem
606 290 694 312 magistro
703 289 780 306 Johanni
793 290 869 307 fecimus
879 290 974 312 assignari,
985 293 1002 306 et
1011 290 1032 306 ad
1041 290 1093 306 defen-

178 323 248 339 sionem
261 323 289 339 sui
302 322 411 339 audientiam
424 322 495 345 plenam
508 322 543 339 sibi
556 322 670 345 prebuimus,
681 326 716 339 tam
726 323 744 339 in
755 326 816 339 nostra
827 326 845 340 et
855 323 942 339 dictorum
953 323 1024 339 fratrum
1034 326 1093 340 nostro*

178 361 217 372 rum
230 355 322 378 presentia
335 355 353 372 in
368 355 485 376 consistorio,
501 361 553 378 quam
568 355 612 372 alias
626 361 686 372 coram
703 355 795 378 aliquibus
809 361 830 372 ex
844 355 889 378 ipsis
903 355 988 372 fratribus
998 361 1029 378 per
1038 361 1067 372 nos
1075 356 1093 372 ad

178 388 283 411 hujusmodi
296 388 403 411 deputatis&
417 389 484 405 Verum
498 388 540 405 licet
553 388 633 411 prefatus
647 388 734 411 magister
746 388 804 405 dictos
817 388 903 405 articulos
914 391 931 405 et
940 391 1021 405 contenta
1030 388 1047 405 in
1056 388 1093 411 ipsis

178 421 277 438 defendere
287 421 382 442 niteretur,
393 421 486 438 asserebat
499 424 557 438 tamen
568 427 588 438 se
598 424 679 444 paratum
690 421 765 438 credere
775 424 793 438 et
803 424 865 438 tenere
875 421 894 438 in
906 421 998 444 premissis
1008 424 1025 437 et
1034 421 1069 438 aliis
1077 427 1093 438 ea

178 460 212 477 que
227 454 318 471 credenda
333 458 351 471 et
365 454 442 471 tenenda
457 460 498 471 esse
514 454 568 471 sedes
582 454 681 477 apostolica
696 454 788 471 diffiniret.
806 454 843 471 Nos
860 454 916 476 igitur
932 454 1041 471 attendentes
1053 454 1093 477 quod

178 487 267 504 dictorum
281 487 399 504 articulorum
416 487 499 508 assertio,
517 487 617 510 predicatio
632 490 650 504 et
663 487 745 504 doctrina
761 487 862 503 redundare
880 490 961 510 poterant
979 487 997 503 in
1010 487 1093 504 multarum

177 520 276 543 perniciem
293 521 399 541 animarum,
415 520 465 543 ipsos
483 526 515 543 per
531 520 593 543 plures
608 520 706 543 magistros
723 520 741 536 in
759 520 850 543 theologia
866 520 961 537 examinari
976 520 1048 537 fecimus
1061 520 1094 537 dili-

178 556 248 576 genter.
267 554 304 570 Nos
319 553 354 576 ipsi
370 553 422 570 etiam
438 559 478 570 cum
496 553 549 570 dictis
563 553 650 570 fratribus
667 553 736 570 nostris
753 553 892 570 collocutionem
911 553 994 570 solertem
1011 553 1094 570 habuimus

178 592 234 609 super
244 586 296 609 ipsis,
307 592 339 609 per
350 592 394 609 quas
408 586 481 608 quidem
494 586 634 603 collocutionem
645 589 663 603 et
673 586 823 603 examinationem
836 592 891 609 super
900 586 934 603 hoc
947 586 1045 609 prehabitas
1054 591 1094 603 coin-

178 619 259 642 perimus
274 619 374 641 premissos
389 619 475 635 articulos
491 619 591 635 doctrinam
606 625 642 635 non
656 625 718 636 sanam
733 619 765 636 sed
780 619 901 641 periculosam
918 619 992 636 multum
1005 625 1024 635 ac
1034 619 1095 636 veritati

178 652 285 669 contrariam
301 652 401 672 continere,
416 658 462 674 quos
477 652 529 668 etiam
545 652 631 669 articulos
646 658 710 669 ornnes
725 655 743 669 et
756 652 840 675 singulos
855 652 902 669 idem
918 652 1002 675 :ungisier
1015 652 1094 669 lohannes

178 685 226 702 veris
240 685 275 701 sibi
291 685 392 701 rationibus
407 685 489 707 opinioni
504 691 537 701 sue
552 685 620 701 dudum
635 685 695 702 habite
710 685 807 702 contrariis
822 685 949 702 demonstratis
964 685 981 702 in
998 685 1094 702 consistorio

178 718 276 738 revocavit,
286 723 372 735 asserens
385 723 405 734 se
418 718 493 734 credere
505 724 537 734 eos
549 724 586 734 non
598 724 659 739 veros,
673 718 705 735 sed
718 718 799 741 ipsorum
813 718 923 735 contrarium
935 724 996 735 verum
1009 724 1052 739 esse,
1061 723 1093 734 cum

178 751 254 773 diceret,
265 757 284 768 se
296 751 368 768 nescire
382 751 484 767 rationibus
494 751 529 767 sihi
541 751 593 768 sactis
603 751 621 767 in
631 751 742 768 contrarium
753 751 871 774 respondere>
883 751 961 775 Ideoque
974 757 996 768 ne
1007 757 1037 774 per
1045 757 1094 768 asser-

178 784 252 805 tionem,
264 784 406 807 predicationem
418 787 436 801 et
448 784 548 801 doctrinam
560 784 666 807 hujusmodi
679 784 698 801 in
708 790 796 806 errorem,
807 784 856 807 quod
867 784 920 805 absit,
930 784 988 801 animc
998 784 1094 807 simplicium

178 817 303 840 prolabantur,
316 823 380 834 omnes
395 817 487 840 predictos
500 817 587 834 articulos
601 821 618 834 ot
631 817 731 840 quemlibet
744 818 850 834 eorumdem
864 821 947 840 tanquam
960 818 1014 835 falsos
1026 821 1041 834 et
1053 823 1095 834 erro-

180 856 224 868 neos
239 854 258 867 et
271 856 280 867 a
295 851 376 868 doctrina
395 850 446 867 sana‘
464 850 527 867 devios
545 850 650 867 auctoritate
667 851 766 873 apostolica
784 851 902 874 dampnamus
919 854 937 868 et
952 851 1063 874 reprobamus
1077 850 1095 867 de

180 883 255 901 fratrum
266 884 343 901 consilio
357 883 488 907 predictorum,
502 884 602 901 doctrinam
615 884 661 907 ipsis
675 884 782 901 contrariam
792 890 853 901 veram
866 890 907 901 esse
920 887 937 901 et
947 884 1047 901 catholicam
1057 889 1096 901 assc-

182 920 251 938 rentes,
265 923 305 934 cum
317 917 344 934 illi
358 917 389 940 qui
402 917 490 940 predictis
504 917 591 934 fratribus
605 917 714 934 confitentur
731 923 766 934 non
781 918 839 940 niagis
855 921 949 934 teneantur
963 917 1023 934 eadem
1037 921 1096 940 peecata

183 950 248 967 iterum
267 950 349 967 confiteri
370 956 423 973 quam
441 950 457 967 si
476 950 520 967 alias
534 950 565 967 illa
580 950 659 967 confessi
676 950 755 967 fuissent
770 956 833 967 eorum
850 950 924 973 proprio
945 951 1040 971 sacerdoti=
1056 951 1098 973 juxta

184 983 252 1000 (lictum
263 984 365 1001 Concilium
378 983 470 1006 generale.
482 983 570 1006 Optantes
583 987 641 1000 autem
655 983 737 1000 veritatis
749 983 787 1001 vias
802 987 853 1000 notas
866 989 907 1000 esse
920 983 1003 1000 fidelibus
1013 987 1028 1000 et
1040 984 1099 1000 cunctis

184 1016 278 1033 erroribus
292 1016 400 1039 precludere
415 1016 483 1033 aditum
496 1022 519 1033 ne
532 1016 642 1037 subintrent,
655 1016 679 1033 fe»
693 1022 718 1033 re.
730 1016 827 1033 Alexandri
842 1017 866 1034 lv
879 1020 896 1033 et
909 1016 1006 1034 Clementis
1016 1017 1039 1034 IV
1048 1017 1099 1033 Roma-

184 1055 249 1066 norum
267 1049 373 1072 pontificum
392 1049 543 1072 predecessorum
562 1053 665 1066 nostrorum
684 1049 761 1072 vestigia
779 1049 875 1070 imitando=
894 1050 983 1067 universis
1000 1053 1016 1066 et
1033 1050 1099 1073 singulis

184 1082 285 1099 districtius
298 1082 402 1099 inhibemus
416 1088 438 1099 ne
452 1082 547 1105 quisquam
558 1082 617 1099 dictos
627 1083 714 1099 articulos
725 1088 756 1105 per
767 1088 807 1103 nos,
821 1086 839 1099 ut
853 1083 967 1105 premittitur,
979 1083 1076 1105 dampnatos
1085 1086 1099 1099 et

184 1115 237 1132 etiam
250 1115 365 1138 reprobatos,
379 1115 408 1132 vel
423 1118 508 1132 contenta
523 1115 542 1132 in
556 1115 584 1132 eis
598 1115 627 1132 vel
642 1115 703 1138 aliquo
717 1116 799 1138 ipsorum
814 1119 877 1138 utpote
891 1121 900 1132 a
915 1115 1006 1132 catholicis
1021 1116 1099 1132 mentibus

184 1148 288 1170 respuenda
301 1151 364 1164 tenere
377 1147 443 1164 audeat
455 1153 488 1164 seu
502 1147 601 1164 defendere
615 1147 753 1170 quomodolibet
766 1153 798 1164 seu
813 1148 885 1165 docere,
900 1148 987 1170 Quocirca
1001 1148 1100 1165 universitati

183 1184 244 1197 vestre
256 1186 289 1203 per
301 1180 401 1203 apostolica
413 1180 480 1202 scripta
490 1180 572 1197 districte
584 1180 703 1203 precipiendo
714 1180 819 1197 mandamus
832 1180 917 1203 quatinus
929 1180 1008 1198 universi
1018 1184 1034 1197 et
1043 1180 1100 1204 singuli

184 1216 265 1230 vestrum
279 1213 297 1229 in
309 1212 413 1230 civitatibus
425 1215 443 1229 et
457 1212 562 1229 dioeesibus
575 1213 641 1230 vestris
654 1216 753 1230 convocato
766 1213 815 1229 clero
826 1213 945 1230 communiter
957 1214 1042 1236 premissa
1051 1214 1100 1230 onmia

184 1249 201 1262 et
215 1245 288 1268 singula
305 1251 338 1268 per
350 1251 383 1262 vos
398 1251 431 1262 seu
443 1245 490 1262 alios
506 1245 613 1262 solemniter
627 1245 731 1268 publicetis.
749 1246 786 1262 Nos
801 1245 849 1262 enim
864 1246 922 1262 eidem
938 1246 1021 1269 magistro
1034 1246 1101 1263 johanni

183 1278 308 1295 mandavimus
323 1278 372 1301 quod
387 1278 427 1301 ipse
441 1278 459 1295 in
472 1278 528 1296 scolis
542 1281 559 1295 et
571 1278 589 1295 in
606 1284 691 1295 sermone
706 1278 786 1295 Parisius
802 1278 894 1301 predictos
908 1278 992 1296 articulos
1003 1283 1019 1296 et
1029 1283 1101 1296 contenta

182 1311 202 1327 in
212 1311 239 1328 eis
248 1314 333 1334 tanquam
346 1311 418 1328 veritati
430 1311 520 1328 contraria
534 1311 608 1334 proprie
621 1311 672 1328 vocis
685 1311 758 1328 oraculo
769 1314 787 1327 et
796 1312 931 1328 asseveratione
941 1312 1028 1329 constanti
1039 1312 1100 1334 publice
