1273 1538
176 53 219 72 1333]
370 59 393 70 ΑΒ
409 59 462 70 Auno
480 58 597 70 Mcczxxxvi
615 58 681 73 usqus
698 59 723 70 Ao
739 59 809 70 Aurum
826 59 897 70 nocer„
1066 54 1099 71 435

177 96 207 114 tiva
218 96 330 113 auctoritates
340 95 442 118 Scripture'
456 101 508 112 sacre
522 98 539 111 et
553 98 657 112 sanctorum
672 95 735 118 plures
748 95 766 111 in
781 95 859 112 diversis
872 96 989 112 sermonibus
1002 96 1099 117 induxerit,
1112 104 1113 107 ¹

176 130 214 147 licet
225 129 242 145 in
255 129 291 145 illis
302 129 407 151 frequenter
417 128 484 145 dixerit
496 131 514 145 et
526 131 637 151 protestatus
649 128 710 149 fuerit,
724 128 772 150 quod
783 128 813 144 illa
823 134 860 145 non
870 128 942 145 dicebat
952 134 984 145 nec
995 129 1100 146 intendebat
1111 148 1113 155 ¹

177 163 231 180 dicere
243 162 300 179 animo
313 165 381 184 partem
394 161 471 184 aliquam
485 161 572 184 eligendi,
584 167 617 178 nec
628 161 675 178 circa
685 161 716 178 illa
726 161 817 178 statuendi
829 167 862 178 seu
872 161 973 178 diffiniendi
983 161 1058 184 aliquid,
1072 165 1100 179 set
1110 157 1113 183 ἔ

177 196 228 213 solum
243 198 261 212 ut
275 195 388 212 auditoribus
403 195 476 212 daretur
491 194 577 211 studendi
593 194 640 212 circa
655 195 736 217 predicta
751 195 829 216 occasio,
843 198 863 211 ut
877 195 904 211 sic
917 195 939 211 ad
952 195 1043 211 veritatem
1059 196 1099 217 ejus

177 232 233 252 posset
241 228 310 245 facilius
321 228 417 251 perveniri,
430 228 561 245 nichilominus
571 227 638 245 ibidem
651 228 747 251 proposuit
759 231 777 245 et
786 228 819 245 suit
830 231 849 245 ut
859 228 942 251 sequitur
951 231 1072 251 protestatus:

217 269 224 278 (ι
235 262 278 279 Cum
288 261 349 279 nullus
359 262 425 279 debeat
435 262 453 278 in
464 261 540 278 dubium
551 268 636 279 revocare
647 262 691 284 quin
702 262 754 279 tuitio
764 265 782 279 et
791 262 910 279 observancia
920 262 1012 285 Scripture
1023 268 1073 279 sacre
1082 265 1100 278 et

176 295 256 312 catholice
270 295 311 312 fidei
324 295 347 312 ad
360 295 482 312 universalem
497 295 565 312 Christi
578 295 665 312 vicarium
681 295 805 318 principaliter
818 295 907 318 pertineat
921 299 938 312 ct
952 295 1043 313 incumbat
1053 301 1056 312 z
1066 301 1099 312 nos

177 329 203 351 qui
219 334 238 345 ex
255 334 289 351 quo
305 328 348 345 licet
364 328 448 345 immeriti
466 328 534 345 fuimus
551 328 639 351 assumpti
656 328 679 345 ad
696 328 774 345 officium
791 329 908 349 antedictum,
925 329 971 345 circa
987 329 1098 345 intellectum

177 361 261 384 Scripture
276 367 326 378 sacre
339 364 480 384 sanctorumque
495 361 591 378 doctorum
606 361 709 384 originalia,
720 361 806 384 precipue
819 362 866 378 beati
881 362 985 385 Augustini,
997 362 1099 379 vacavimus

177 400 278 417 operamque
291 394 406 412 adhibuimus
419 395 534 418 diligentem.
550 401 650 417 eorumque
663 395 711 412 dicta
724 395 742 411 in
756 395 873 412 sermonibus
883 401 902 412 ac
912 395 1041 412 collationibus
1053 401 1099 418 quos

176 429 273 451 frequenter
283 428 358 445 secunus
371 428 449 445 libenter
462 428 578 445 recitavimus
588 431 605 445 et
615 428 751 451 proposuimus,
765 431 819 451 prout
831 428 905 445 materia
915 428 937 445 de
947 434 982 451 qua
992 432 1030 445 erat
1040 434 1099 445 sermo

177 461 202 478 vel
211 461 280 479 collatio
293 461 404 484 requirebat.
416 467 436 478 ac
450 461 472 478 ad
487 461 602 484 probandum
615 461 646 478 illa
658 467 694 484 que
705 462 723 478 iu
733 461 803 478 eisdem
816 461 932 479 sermonibus
944 465 962 478 et
971 461 1099 479 collationibus

177 501 206 518 per
217 501 249 512 nos
263 498 313 512 eraut
326 494 420 518 proposita
434 494 528 517 Scripture
543 500 594 512 sacre
610 494 714 512 testimonia
729 498 746 512 et
758 494 875 518 originalium
888 498 991 512 sanctoruni
1005 495 1098 512 doctorum

176 527 249 549 illorum,
263 528 348 551 precipue
363 533 439 551 quorum
455 528 546 551 scripture
562 534 595 550 per
609 531 741 545 sacrosanctam
756 527 852 545 ecclesiam
865 532 906 545 sunt
919 528 1005 548 adnuisse,
1016 528 1099 545 duximus

177 561 280 582 adducenda,
293 567 328 584 que
341 562 403 584 utique
416 561 519 578 testimonia
532 561 627 578 nonnullis
639 562 692 578 etiam
706 567 756 578 sacre
767 561 860 584 theologie
870 561 1007 584 professoribus
1017 565 1100 578 extranea

176 594 210 611 visa
220 598 260 611 sunt
269 598 321 617 atque
334 600 386 615 nora=
397 593 427 611 illa
437 598 457 611 ut
470 594 562 611 credimus
575 594 644 611 ratione
655 595 696 617 quia
707 595 725 611 in
736 594 772 612 illis
785 601 821 611 non
834 594 948 616 studuerant,
959 595 987 611 rel
999 595 1041 617 quia
1051 601 1070 611 ea
1081 595 1099 611 iu

177 628 255 644 memoria
268 634 304 644 nou
318 627 413 644 habebant⁴
426 628 531 650 Propterea,
546 628 577 644 ne‘
591 628 632 650 quis
645 628 720 645 sinistre
732 628 848 651 interpretari
861 628 925 651 possit.
939 634 972 645 nos
986 628 1068 645 sensisse
1081 628 1099 644 in

178 660 236 677 talibus
246 661 312 683 aliquid
322 664 351 677 aut
364 661 432 678 sentire
445 661 494 683 quod
507 667 558 677 sacre
569 661 661 683 Scripture
674 661 735 678 obviet
745 664 776 678 aut
785 661 828 678 fidei
838 661 932 682 ortodoxe,
943 661 1021 678 dicimus
1031 664 1049 678 et
1058 667 1099 684 pro-

177 696 256 710 testamur
270 699 362 716 expresse,
377 693 426 716 quod
441 693 528 716 quicquid
542 694 560 710 iu
575 694 672 716 questione
682 700 715 711 seu
729 694 803 711 materia
815 694 892 711 visionis
906 694 1004 711 animarum
1019 694 1099 717 predicta

177 732 205 743 seu
215 732 324 749 quacumque
337 727 370 743 alia
384 727 402 743 in
415 726 533 743 sermonibus
543 730 561 743 et
570 726 700 744 collationibus
712 727 780 744 nostris
790 727 876 747 diximus,
886 727 1005 750 allegavimus
1015 733 1048 744 seu
1058 733 1099 750 pro-

177 760 271 783 posuimus=
282 760 368 780 diximus,
379 760 509 783 proposuimus
520 763 537 777 et
547 759 667 783 allegavimus
679 766 716 777 uon
727 760 843 777 intendentes
855 760 923 783 aliquid
937 760 1057 778 determinare
1070 760 1099 778 vel

178 793 255 810 decidere
265 798 296 809 seu
307 793 389 813 credere,
398 793 447 815 quod
457 796 507 810 esset
517 793 582 815 quovis
592 793 647 810 modo
655 793 748 815 Scripture
758 799 809 810 sacre
819 793 893 810 obvium
900 793 930 810 vel
937 793 1045 810 contrarium
1057 793 1099 810 fidei

178 826 264 845 ortodoxe.
279 829 307 843 set
319 826 364 842 illud
379 825 438 842 solum
451 829 515 842 tenere
525 829 543 842 et
552 826 633 847 credere,
649 826 698 848 quod
711 830 727 843 et
738 826 830 849 Scripture
843 832 894 843 sacre
906 830 966 849 potest
976 829 994 843 et
1003 829 1073 849 poterat
1082 830 1099 843 et

177 858 257 876 catholice
271 858 312 875 fidei
326 858 431 875 convenire.
448 859 469 875 Et
485 858 500 875 si
513 859 575 875 forsan
588 859 606 875 iu
619 859 707 881 predictis
721 859 838 876 sermonibus
852 859 881 876 vel
896 859 1025 876 collationibus
1040 859 1099 882 aliqua

178 897 209 914 que
217 892 245 908 vel
254 892 345 914 Scripture
359 897 410 908 sacre
420 891 449 908 vel
461 892 550 908 ortodoxe
562 891 604 908 fidei
618 892 683 914 quovis
696 892 749 908 modo
762 895 825 909 essent
834 892 863 909 vel
873 892 979 909 viderentur
991 892 1050 913 obvia,
1061 892 1099 915 ipsa

178 928 232 947 preter
241 925 358 942 intentionem
367 931 376 941 a
384 924 437 941 nobis
447 924 505 941 fuisse
516 924 585 947 prolata
595 925 673 941 dicimus
683 928 700 941 et
710 925 816 945 asserimus,
825 931 881 947 eaque
892 931 997 942 revocamus
1006 931 1098 947 expresse,

178 964 210 975 non
222 958 335 975 intendentes
345 957 382 974 illis
392 957 481 974 adherere
491 963 524 974 nee
535 964 555 974 ea
567 958 585 975 in
595 958 677 981 presenti
687 957 792 975 deffendere
803 964 836 974 nec
846 958 898 975 etiam
909 958 928 974 in
938 958 1024 975 futurum.
1038 958 1099 975 Adici-

179 997 215 1008 mus
227 991 300 1013 insuper
312 991 361 1013 quod
371 990 386 1007 si
397 996 429 1013 per
442 996 575 1013 quamcumque
585 996 682 1013 personam
697 991 773 1011 dicetur,
786 991 805 1007 in
817 990 877 1013 aliquo
890 994 939 1007 certo
950 991 979 1007 vel
992 991 1046 1008 certis
1058 991 1099 1008 arti-

177 1024 214 1041 culo
228 1024 256 1041 vel
268 1024 348 1041 articulis
363 1029 397 1041 nos
411 1027 474 1041 contra
490 1023 569 1046 predicta
585 1023 659 1044 dixisse,
676 1024 725 1046 quod
738 1023 794 1046 parati
809 1029 872 1040 sumus
887 1023 952 1046 ipsum,
969 1024 1039 1041 etiamsi
1055 1030 1100 1047 puer

178 1061 221 1074 esset
230 1057 258 1074 vel
268 1057 339 1078 mulier,
354 1057 417 1074 audire
432 1056 520 1080 benigne,
533 1061 550 1074 et
562 1057 578 1074 si
591 1057 697 1074 ostenderet
709 1063 743 1074 nos
753 1057 783 1074 illa
793 1057 868 1078 dixisse,
879 1057 972 1074 offerimus
985 1063 1018 1074 nos
1028 1061 1099 1080 paratos

178 1090 203 1107 illa
214 1090 314 1113 specialiter
328 1093 345 1107 et
357 1096 444 1112 expresse
459 1090 514 1106 modo
528 1089 589 1106 debito
604 1095 696 1107 revocare.
712 1090 801 1107 Volumus
814 1096 887 1113 quoque
899 1096 932 1107 vos
944 1090 997 1111 scire,
1008 1093 1026 1107 et
1037 1090 1071 1107 hoc
1081 1090 1099 1106 in

178 1123 247 1140 veritate
256 1123 339 1144 dicimus,
350 1123 400 1146 quod
410 1123 426 1140 si
436 1123 454 1140 in
464 1123 560 1145 questione
570 1123 652 1146 predicta
662 1123 685 1140 de
695 1123 766 1140 visione
775 1123 874 1140 animarum
885 1126 1006 1146 separatarum
1016 1129 1026 1140 a
1036 1129 1100 1146 corpo-

178 1156 224 1173 ribus
237 1156 339 1173 affirmativa
352 1162 385 1179 per
397 1156 509 1179 Scripturam
525 1162 592 1173 sacram
605 1156 634 1173 vel
645 1156 761 1173 auctoritates
774 1160 885 1178 sanctorum,
895 1162 930 1179 que
944 1162 994 1173 sacre
1009 1156 1101 1179 Scripture

178 1195 210 1206 non
220 1189 297 1210 obvient,
312 1189 370 1206 valeat
379 1189 490 1210 confirmari,
504 1190 557 1206 nobis
571 1189 605 1206 erit
618 1190 710 1212 acceptius
723 1195 775 1212 quam
789 1190 805 1207 si
817 1189 900 1213 negativa
909 1195 951 1212 pars
960 1189 1053 1212 probetur.
1064 1190 1100 1206 Nec

178 1222 262 1239 credimus
277 1223 325 1245 quod
341 1222 407 1245 aliquis
424 1222 479 1239 bodie
497 1226 564 1240 tantum
580 1223 631 1239 daret
645 1226 731 1246 quantum
747 1229 781 1240 nus
796 1222 884 1240 vellemus
901 1222 981 1243 dedisse,
996 1222 1045 1245 quod
1059 1228 1100 1246 pars

178 1255 281 1276 affirmativa,
292 1259 311 1272 ut
321 1256 437 1278 premittitur,
448 1262 481 1279 per
492 1256 602 1279 scripturam
615 1262 684 1273 sacram
698 1257 727 1273 vel
737 1260 841 1273 sanctorum
852 1256 898 1273 dicta
908 1255 938 1273 illa
948 1262 999 1273 sacre
1009 1256 1101 1279 Scripture

178 1294 211 1305 uon
224 1288 312 1306 obviantia
327 1289 442 1312 probaretur,
457 1290 492 1307 etsi
507 1296 543 1307 non
559 1293 609 1307 esset
621 1293 696 1313 propter
708 1290 764 1311 aliud,
776 1294 851 1313 propter
866 1296 894 1307 me
909 1290 967 1313 ipsum
981 1294 1101 1313 parentesque

178 1327 230 1342 meos,
244 1322 310 1339 amicos
323 1326 341 1339 et
352 1323 443 1344 dominos,
455 1329 531 1346 quorum
543 1323 602 1340 anime
612 1324 713 1340 secuudum
727 1327 795 1346 partem
809 1323 930 1341 affirmativam
942 1328 1051 1347 perventure
1060 1328 1103 1342 sunt
