<?xml version="1.0" encoding="UTF-8"?>
<!DOCTYPE html PUBLIC "-//W3C//DTD XHTML 1.0 Transitional//EN"
    "http://www.w3.org/TR/xhtml1/DTD/xhtml1-transitional.dtd">
<html xmlns="http://www.w3.org/1999/xhtml" xml:lang="en" lang="en">
 <head>
  <title>
</title>
<meta http-equiv="Content-Type" content="text/html;charset=utf-8" />
  <meta name='ocr-system' content='tesseract 3.04.00' />
  <meta name='ocr-capabilities' content='ocr_page ocr_carea ocr_par ocr_line ocrx_word'/>
</head>
<body>
  <div class='ocr_page' id='page_1' title='image "./chartulariumuni00mogoog_0041.png"; bbox 0 0 1273 1538; ppageno 0'>
   <div class='ocr_carea' id='block_1_1' title="bbox 169 46 1096 70">
    <p class='ocr_par' dir='ltr' id='par_1_1' title="bbox 169 46 1096 70">
     <span class='ocr_line' id='line_1_1' title="bbox 169 46 1096 70; baseline 0 -1"><span class='ocrx_word' id='word_1_1' title='bbox 169 46 190 69; x_wconf 53' lang='lat'>1¹4</span> <span class='ocrx_word' id='word_1_2' title='bbox 459 57 618 69; x_wconf 60' lang='lat' dir='ltr'>castrensium</span> <span class='ocrx_word' id='word_1_3' title='bbox 634 58 728 69; x_wconf 66' lang='lat' dir='ltr'>univi-:ns⁴</span> <span class='ocrx_word' id='word_1_4' title='bbox 749 57 813 69; x_wconf 71' lang='lat' dir='ltr'>mais.</span> <span class='ocrx_word' id='word_1_5' title='bbox 896 58 899 63; x_wconf 43' lang='grc' dir='ltr'>’ν</span> <span class='ocrx_word' id='word_1_6' title='bbox 1047 50 1096 70; x_wconf 75' lang='lat'>[1287</span> 
     </span>
    </p>
   </div>
   <div class='ocr_carea' id='block_1_2' title="bbox 168 93 1103 815">
    <p class='ocr_par' dir='ltr' id='par_1_2' title="bbox 168 93 1101 382">
     <span class='ocr_line' id='line_1_2' title="bbox 168 93 1096 117; baseline -0.001 -6"><span class='ocrx_word' id='word_1_7' title='bbox 168 94 214 111; x_wconf 79' lang='lat' dir='ltr'>adeo</span> <span class='ocrx_word' id='word_1_8' title='bbox 224 93 280 116; x_wconf 78' lang='lat' dir='ltr'>quod,</span> <span class='ocrx_word' id='word_1_9' title='bbox 288 99 320 117; x_wconf 88' lang='lat' dir='ltr'>per</span> <span class='ocrx_word' id='word_1_10' title='bbox 330 94 363 110; x_wconf 89' lang='lat' dir='ltr'>Dei</span> <span class='ocrx_word' id='word_1_11' title='bbox 372 93 447 117; x_wconf 79' lang='lat' dir='ltr'>gratiam</span> <span class='ocrx_word' id='word_1_12' title='bbox 458 99 522 111; x_wconf 83' lang='lat' dir='ltr'>omnes</span> <span class='ocrx_word' id='word_1_13' title='bbox 532 93 612 111; x_wconf 74' lang='lat' dir='ltr'>scolares</span> <span class='ocrx_word' id='word_1_14' title='bbox 622 94 675 111; x_wconf 89' lang='lat' dir='ltr'>modo</span> <span class='ocrx_word' id='word_1_15' title='bbox 686 98 754 111; x_wconf 81' lang='lat' dir='ltr'>stantes</span> <span class='ocrx_word' id='word_1_16' title='bbox 764 100 797 117; x_wconf 88' lang='lat' dir='ltr'>pro</span> <span class='ocrx_word' id='word_1_17' title='bbox 808 98 856 117; x_wconf 81' lang='lat' dir='ltr'>parte</span> <span class='ocrx_word' id='word_1_18' title='bbox 866 97 934 115; x_wconf 68' lang='lat' dir='ltr'>nostra,</span> <span class='ocrx_word' id='word_1_19' title='bbox 945 94 999 110; x_wconf 85' lang='lat' dir='ltr'>modo</span> <span class='ocrx_word' id='word_1_20' title='bbox 1006 94 1071 110; x_wconf 78' lang='lat' dir='ltr'>fratres</span> <span class='ocrx_word' id='word_1_21' title='bbox 1079 94 1096 111; x_wconf 86' lang='lat' dir='ltr'>in</span> 
     </span>
     <span class='ocr_line' id='line_1_3' title="bbox 170 126 1097 150; baseline -0.001 -6"><span class='ocrx_word' id='word_1_22' title='bbox 170 127 286 144; x_wconf 74' lang='lat' dir='ltr'>sermonibus</span> <span class='ocrx_word' id='word_1_23' title='bbox 298 130 317 144; x_wconf 83' lang='lat' dir='ltr'>et</span> <span class='ocrx_word' id='word_1_24' title='bbox 329 127 348 143; x_wconf 88' lang='lat' dir='ltr'>in</span> <span class='ocrx_word' id='word_1_25' title='bbox 360 126 470 144; x_wconf 81' lang='lat' dir='ltr'>lectionibus</span> <span class='ocrx_word' id='word_1_26' title='bbox 484 133 546 150; x_wconf 84' lang='lat' dir='ltr'>parum</span> <span class='ocrx_word' id='word_1_27' title='bbox 560 126 658 150; x_wconf 85' lang='lat' dir='ltr'>loquuntur</span> <span class='ocrx_word' id='word_1_28' title='bbox 672 127 694 144; x_wconf 86' lang='lat' dir='ltr'>de</span> <span class='ocrx_word' id='word_1_29' title='bbox 711 128 744 144; x_wconf 85' lang='lat' dir='ltr'>ista</span> <span class='ocrx_word' id='word_1_30' title='bbox 757 127 837 148; x_wconf 74' lang='lat' dir='ltr'>materia,</span> <span class='ocrx_word' id='word_1_31' title='bbox 851 130 869 144; x_wconf 89' lang='lat' dir='ltr'>et</span> <span class='ocrx_word' id='word_1_32' title='bbox 882 130 969 150; x_wconf 77' lang='lat' dir='ltr'>apparent</span> <span class='ocrx_word' id='word_1_33' title='bbox 983 126 1066 144; x_wconf 87' lang='lat' dir='ltr'>dolentes</span> <span class='ocrx_word' id='word_1_34' title='bbox 1080 131 1097 144; x_wconf 82' lang='lat' dir='ltr'>et</span> 
     </span>
     <span class='ocr_line' id='line_1_4' title="bbox 170 159 1098 183; baseline 0 -6"><span class='ocrx_word' id='word_1_35' title='bbox 170 160 249 177; x_wconf 78' lang='lat' dir='ltr'>confusi.</span> <span class='ocrx_word' id='word_1_36' title='bbox 259 161 401 183; x_wconf 75' lang='lat' dir='ltr'>Vernmptamen</span> <span class='ocrx_word' id='word_1_37' title='bbox 414 166 447 183; x_wconf 86' lang='lat' dir='ltr'>per</span> <span class='ocrx_word' id='word_1_38' title='bbox 460 161 519 177; x_wconf 82' lang='lat' dir='ltr'>fatuos</span> <span class='ocrx_word' id='word_1_39' title='bbox 532 160 596 177; x_wconf 77' lang='lat' dir='ltr'>fratres</span> <span class='ocrx_word' id='word_1_40' title='bbox 606 161 709 183; x_wconf 80' lang='lat' dir='ltr'>etjnvenes</span> <span class='ocrx_word' id='word_1_41' title='bbox 720 161 788 177; x_wconf 69' lang='lat' dir='ltr'>fuciunt</span> <span class='ocrx_word' id='word_1_42' title='bbox 797 161 906 177; x_wconf 80' lang='lat' dir='ltr'>contrarium</span> <span class='ocrx_word' id='word_1_43' title='bbox 917 166 949 183; x_wconf 75' lang='lat' dir='ltr'>per</span> <span class='ocrx_word' id='word_1_44' title='bbox 959 159 1011 177; x_wconf 80' lang='lat' dir='ltr'>villas</span> <span class='ocrx_word' id='word_1_45' title='bbox 1023 163 1041 177; x_wconf 82' lang='lat' dir='ltr'>et</span> <span class='ocrx_word' id='word_1_46' title='bbox 1054 160 1098 177; x_wconf 86' lang='lat' dir='ltr'>civi-</span> 
     </span>
     <span class='ocr_line' id='line_1_5' title="bbox 171 193 1098 216; baseline 0 -6"><span class='ocrx_word' id='word_1_47' title='bbox 171 197 217 210; x_wconf 89' lang='lat' dir='ltr'>tates</span> <span class='ocrx_word' id='word_1_48' title='bbox 228 193 317 216; x_wconf 73' lang='lat' dir='ltr'>predicari</span> <span class='ocrx_word' id='word_1_49' title='bbox 327 197 345 210; x_wconf 85' lang='lat' dir='ltr'>et</span> <span class='ocrx_word' id='word_1_50' title='bbox 355 194 423 210; x_wconf 89' lang='lat' dir='ltr'>ducunt</span> <span class='ocrx_word' id='word_1_51' title='bbox 433 193 541 210; x_wconf 75' lang='lat' dir='ltr'>tabelliones</span> <span class='ocrx_word' id='word_1_52' title='bbox 552 199 620 210; x_wconf 80' lang='lat' dir='ltr'>seeum.</span> <span class='ocrx_word' id='word_1_53' title='bbox 631 194 653 210; x_wconf 85' lang='lat' dir='ltr'>Et</span> <span class='ocrx_word' id='word_1_54' title='bbox 662 196 775 216; x_wconf 84' lang='lat' dir='ltr'>congregant</span> <span class='ocrx_word' id='word_1_55' title='bbox 784 194 870 216; x_wconf 85' lang='lat' dir='ltr'>populum</span> <span class='ocrx_word' id='word_1_56' title='bbox 881 196 898 210; x_wconf 92' lang='lat' dir='ltr'>et</span> <span class='ocrx_word' id='word_1_57' title='bbox 908 194 986 215; x_wconf 80' lang='lat' dir='ltr'>majoros</span> <span class='ocrx_word' id='word_1_58' title='bbox 995 193 1018 210; x_wconf 77' lang='lat' dir='ltr'>(le</span> <span class='ocrx_word' id='word_1_59' title='bbox 1031 193 1098 216; x_wconf 78' lang='lat' dir='ltr'>populo</span> 
     </span>
     <span class='ocr_line' id='line_1_6' title="bbox 171 225 1097 249; baseline 0 -6"><span class='ocrx_word' id='word_1_60' title='bbox 171 230 190 243; x_wconf 85' lang='lat' dir='ltr'>et</span> <span class='ocrx_word' id='word_1_61' title='bbox 202 230 280 249; x_wconf 74' lang='lat' dir='ltr'>querunt</span> <span class='ocrx_word' id='word_1_62' title='bbox 296 232 300 243; x_wconf 77' lang='lat'>2</span> <span class='ocrx_word' id='word_1_63' title='bbox 315 234 323 242; x_wconf 71' lang='grc' dir='ltr'>ι(</span> <span class='ocrx_word' id='word_1_64' title='bbox 335 226 418 243; x_wconf 80' lang='lat' dir='ltr'>Domini!</span> <span class='ocrx_word' id='word_1_65' title='bbox 433 227 497 243; x_wconf 79' lang='lat' dir='ltr'>fratres</span> <span class='ocrx_word' id='word_1_66' title='bbox 510 226 568 243; x_wconf 83' lang='lat' dir='ltr'>nostri</span> <span class='ocrx_word' id='word_1_67' title='bbox 585 226 667 243; x_wconf 81' lang='lat' dir='ltr'>fecerunt</span> <span class='ocrx_word' id='word_1_68' title='bbox 683 226 741 249; x_wconf 85' lang='lat' dir='ltr'>aliqua</span> <span class='ocrx_word' id='word_1_69' title='bbox 759 225 803 243; x_wconf 80' lang='lat' dir='ltr'>mala</span> <span class='ocrx_word' id='word_1_70' title='bbox 819 227 866 243; x_wconf 87' lang='lat' dir='ltr'>inter</span> <span class='ocrx_word' id='word_1_71' title='bbox 883 227 928 243; x_wconf 83' lang='lat' dir='ltr'>vos?</span> <span class='ocrx_word' id='word_1_72' title='bbox 938 233 946 242; x_wconf 83' lang='lat'>»</span> <span class='ocrx_word' id='word_1_73' title='bbox 962 226 1079 249; x_wconf 70' lang='lat' dir='ltr'>Respondent</span> <span class='ocrx_word' id='word_1_74' title='bbox 1093 233 1097 243; x_wconf 79' lang='lat' dir='ltr'>z</span> 
     </span>
     <span class='ocr_line' id='line_1_7' title="bbox 172 259 1098 283; baseline 0 -7"><span class='ocrx_word' id='word_1_75' title='bbox 172 267 180 276; x_wconf 71' lang='grc' dir='ltr'>«ι</span> <span class='ocrx_word' id='word_1_76' title='bbox 192 260 232 276; x_wconf 81' lang='lat' dir='ltr'>Non</span> <span class='ocrx_word' id='word_1_77' title='bbox 248 267 263 276; x_wconf 83' lang='lat'>›=.</span> <span class='ocrx_word' id='word_1_78' title='bbox 278 267 285 275; x_wconf 77' lang='grc' dir='ltr'>ι(</span> <span class='ocrx_word' id='word_1_79' title='bbox 301 260 414 277; x_wconf 84' lang='lat' dir='ltr'>Feceruntne</span> <span class='ocrx_word' id='word_1_80' title='bbox 428 260 499 276; x_wconf 77' lang='lat' dir='ltr'>fructus</span> <span class='ocrx_word' id='word_1_81' title='bbox 513 260 626 276; x_wconf 73' lang='lat' dir='ltr'>animarum?</span> <span class='ocrx_word' id='word_1_82' title='bbox 637 267 644 275; x_wconf 54' lang='grc' dir='ltr'>»ι</span> <span class='ocrx_word' id='word_1_83' title='bbox 663 267 671 275; x_wconf 83' lang='grc'>«</span> <span class='ocrx_word' id='word_1_84' title='bbox 685 260 738 277; x_wconf 82' lang='lat' dir='ltr'>Certe</span> <span class='ocrx_word' id='word_1_85' title='bbox 752 267 768 280; x_wconf 81' lang='lat'>»,</span> <span class='ocrx_word' id='word_1_86' title='bbox 783 259 809 276; x_wconf 74' lang='lat' dir='ltr'>sie</span> <span class='ocrx_word' id='word_1_87' title='bbox 824 260 886 277; x_wconf 76' lang='lat' dir='ltr'>dicunt</span> <span class='ocrx_word' id='word_1_88' title='bbox 898 260 978 283; x_wconf 84' lang='lat' dir='ltr'>begnine</span> <span class='ocrx_word' id='word_1_89' title='bbox 994 259 1023 276; x_wconf 79' lang='lat' dir='ltr'>vel</span> <span class='ocrx_word' id='word_1_90' title='bbox 1037 259 1098 283; x_wconf 78' lang='lat' dir='ltr'>aliqui.</span> 
     </span>
     <span class='ocr_line' id='line_1_8' title="bbox 172 292 1098 315; baseline 0 -6"><span class='ocrx_word' id='word_1_91' title='bbox 172 300 181 309; x_wconf 71' lang='grc' dir='ltr'>(ι</span> <span class='ocrx_word' id='word_1_92' title='bbox 193 293 253 309; x_wconf 80' lang='lat' dir='ltr'>Placet</span> <span class='ocrx_word' id='word_1_93' title='bbox 265 293 318 309; x_wconf 77' lang='lat' dir='ltr'>vobis</span> <span class='ocrx_word' id='word_1_94' title='bbox 331 293 380 315; x_wconf 84' lang='lat' dir='ltr'>quod</span> <span class='ocrx_word' id='word_1_95' title='bbox 397 293 483 309; x_wconf 74' lang='lat' dir='ltr'>faciamus</span> <span class='ocrx_word' id='word_1_96' title='bbox 497 293 544 309; x_wconf 80' lang='lat' dir='ltr'>sicut</span> <span class='ocrx_word' id='word_1_97' title='bbox 556 293 698 310; x_wconf 62' lang='lat' dir='ltr'>consuevi-nus?</span> <span class='ocrx_word' id='word_1_98' title='bbox 712 300 719 308; x_wconf 77' lang='lat' dir='ltr'>u</span> <span class='ocrx_word' id='word_1_99' title='bbox 739 293 760 309; x_wconf 82' lang='lat' dir='ltr'>Et</span> <span class='ocrx_word' id='word_1_100' title='bbox 772 292 850 310; x_wconf 78' lang='lat' dir='ltr'>clamant</span> <span class='ocrx_word' id='word_1_101' title='bbox 862 293 917 315; x_wconf 86' lang='lat' dir='ltr'>aliqui</span> <span class='ocrx_word' id='word_1_102' title='bbox 931 293 953 310; x_wconf 81' lang='lat' dir='ltr'>de</span> <span class='ocrx_word' id='word_1_103' title='bbox 967 292 1082 310; x_wconf 68' lang='lat' dir='ltr'>multitudine</span> <span class='ocrx_word' id='word_1_104' title='bbox 1095 299 1098 310; x_wconf 75' lang='grc' dir='ltr'>ι</span> 
     </span>
     <span class='ocr_line' id='line_1_9' title="bbox 173 325 1101 349; baseline 0.001 -7"><span class='ocrx_word' id='word_1_105' title='bbox 173 334 182 342; x_wconf 86' lang='lat'>«</span> <span class='ocrx_word' id='word_1_106' title='bbox 193 326 259 346; x_wconf 76' lang='lat' dir='ltr'>Placet,</span> <span class='ocrx_word' id='word_1_107' title='bbox 269 326 328 349; x_wconf 77' lang='lat' dir='ltr'>placet</span> <span class='ocrx_word' id='word_1_108' title='bbox 338 333 354 346; x_wconf 67' lang='lat' dir='ltr'>u,</span> <span class='ocrx_word' id='word_1_109' title='bbox 362 325 425 343; x_wconf 81' lang='lat' dir='ltr'>saltem</span> <span class='ocrx_word' id='word_1_110' title='bbox 435 326 521 349; x_wconf 84' lang='lat' dir='ltr'>beguine.</span> <span class='ocrx_word' id='word_1_111' title='bbox 533 327 554 343; x_wconf 86' lang='lat' dir='ltr'>Et</span> <span class='ocrx_word' id='word_1_112' title='bbox 564 326 587 343; x_wconf 84' lang='lat' dir='ltr'>de</span> <span class='ocrx_word' id='word_1_113' title='bbox 596 326 630 343; x_wconf 82' lang='lat' dir='ltr'>hoc</span> <span class='ocrx_word' id='word_1_114' title='bbox 640 326 707 343; x_wconf 81' lang='lat' dir='ltr'>faciunt</span> <span class='ocrx_word' id='word_1_115' title='bbox 717 326 755 343; x_wconf 79' lang='lat' dir='ltr'>fieri</span> <span class='ocrx_word' id='word_1_116' title='bbox 766 326 858 349; x_wconf 85' lang='lat' dir='ltr'>publicum</span> <span class='ocrx_word' id='word_1_117' title='bbox 868 326 1015 343; x_wconf 86' lang='lat' dir='ltr'>instrumentum.</span> <span class='ocrx_word' id='word_1_118' title='bbox 1024 326 1059 343; x_wconf 83' lang='lat' dir='ltr'>Sed</span> <span class='ocrx_word' id='word_1_119' title='bbox 1070 333 1101 349; x_wconf 76' lang='lat' dir='ltr'>per</span> 
     </span>
     <span class='ocr_line' id='line_1_10' title="bbox 174 359 867 382; baseline 0.001 -7"><span class='ocrx_word' id='word_1_120' title='bbox 174 359 206 376; x_wconf 82' lang='lat' dir='ltr'>Dei</span> <span class='ocrx_word' id='word_1_121' title='bbox 218 359 291 382; x_wconf 78' lang='lat' dir='ltr'>gratiam</span> <span class='ocrx_word' id='word_1_122' title='bbox 303 359 370 376; x_wconf 78' lang='lat' dir='ltr'>talibus</span> <span class='ocrx_word' id='word_1_123' title='bbox 379 359 453 380; x_wconf 85' lang='lat' dir='ltr'>[verbis]</span> <span class='ocrx_word' id='word_1_124' title='bbox 463 359 566 376; x_wconf 71' lang='lat' dir='ltr'>calliditatis</span> <span class='ocrx_word' id='word_1_125' title='bbox 576 362 594 376; x_wconf 84' lang='lat' dir='ltr'>et</span> <span class='ocrx_word' id='word_1_126' title='bbox 603 359 675 376; x_wconf 74' lang='lat' dir='ltr'>falsitati</span> <span class='ocrx_word' id='word_1_127' title='bbox 686 359 751 376; x_wconf 78' lang='lat' dir='ltr'>veritas</span> <span class='ocrx_word' id='word_1_128' title='bbox 761 359 867 382; x_wconf 78' lang='lat' dir='ltr'>prevalebit.</span> 
     </span>
    </p>

    <p class='ocr_par' dir='ltr' id='par_1_3' title="bbox 172 392 1103 815">
     <span class='ocr_line' id='line_1_11' title="bbox 219 392 1102 416; baseline 0.001 -7"><span class='ocrx_word' id='word_1_129' title='bbox 219 392 346 409; x_wconf 63' lang='lat' dir='ltr'>Postmodum*</span> <span class='ocrx_word' id='word_1_130' title='bbox 359 392 402 410; x_wconf 90' lang='lat' dir='ltr'>dum</span> <span class='ocrx_word' id='word_1_131' title='bbox 415 398 499 410; x_wconf 75' lang='lat' dir='ltr'>essemus</span> <span class='ocrx_word' id='word_1_132' title='bbox 510 393 528 409; x_wconf 88' lang='lat' dir='ltr'>in</span> <span class='ocrx_word' id='word_1_133' title='bbox 544 392 598 409; x_wconf 84' lang='lat' dir='ltr'>domo</span> <span class='ocrx_word' id='word_1_134' title='bbox 610 396 671 409; x_wconf 84' lang='lat' dir='ltr'>nostra</span> <span class='ocrx_word' id='word_1_135' title='bbox 686 398 741 415; x_wconf 85' lang='lat' dir='ltr'>prope</span> <span class='ocrx_word' id='word_1_136' title='bbox 751 393 861 413; x_wconf 69' lang='lat' dir='ltr'>Aurelianis,</span> <span class='ocrx_word' id='word_1_137' title='bbox 871 392 929 409; x_wconf 89' lang='lat' dir='ltr'>visum</span> <span class='ocrx_word' id='word_1_138' title='bbox 939 393 973 410; x_wconf 81' lang='lat' dir='ltr'>suit</span> <span class='ocrx_word' id='word_1_139' title='bbox 983 392 1036 410; x_wconf 82' lang='lat' dir='ltr'>nobis</span> <span class='ocrx_word' id='word_1_140' title='bbox 1049 399 1102 416; x_wconf 80' lang='lat' dir='ltr'>expe-</span> 
     </span>
     <span class='ocr_line' id='line_1_12' title="bbox 173 425 1100 449; baseline 0.001 -7"><span class='ocrx_word' id='word_1_141' title='bbox 173 426 227 442; x_wconf 82' lang='lat' dir='ltr'>diens</span> <span class='ocrx_word' id='word_1_142' title='bbox 237 426 286 449; x_wconf 86' lang='lat' dir='ltr'>quod</span> <span class='ocrx_word' id='word_1_143' title='bbox 296 426 392 449; x_wconf 79' lang='lat' dir='ltr'>negocium</span> <span class='ocrx_word' id='word_1_144' title='bbox 407 429 425 443; x_wconf 85' lang='lat' dir='ltr'>et</span> <span class='ocrx_word' id='word_1_145' title='bbox 435 425 529 449; x_wconf 80' lang='lat' dir='ltr'>privilegia</span> <span class='ocrx_word' id='word_1_146' title='bbox 540 429 674 449; x_wconf 73' lang='lat' dir='ltr'>exponerentur</span> <span class='ocrx_word' id='word_1_147' title='bbox 684 426 776 449; x_wconf 77' lang='lat' dir='ltr'>magistris</span> <span class='ocrx_word' id='word_1_148' title='bbox 786 429 804 443; x_wconf 83' lang='lat' dir='ltr'>et</span> <span class='ocrx_word' id='word_1_149' title='bbox 816 426 917 443; x_wconf 75' lang='lat' dir='ltr'>scolaribus</span> <span class='ocrx_word' id='word_1_150' title='bbox 931 425 1100 447; x_wconf 74' lang='lat' dir='ltr'>Aurelianensibus,</span> 
     </span>
     <span class='ocr_line' id='line_1_13' title="bbox 173 458 1102 482; baseline 0.001 -7"><span class='ocrx_word' id='word_1_151' title='bbox 173 459 205 482; x_wconf 84' lang='lat' dir='ltr'>qui</span> <span class='ocrx_word' id='word_1_152' title='bbox 220 462 262 476; x_wconf 79' lang='lat' dir='ltr'>sunt</span> <span class='ocrx_word' id='word_1_153' title='bbox 278 459 377 482; x_wconf 63' lang='lat' dir='ltr'>peritiores</span> <span class='ocrx_word' id='word_1_154' title='bbox 391 459 464 482; x_wconf 80' lang='lat' dir='ltr'>injure</span> <span class='ocrx_word' id='word_1_155' title='bbox 478 465 530 482; x_wconf 85' lang='lat' dir='ltr'>quam</span> <span class='ocrx_word' id='word_1_156' title='bbox 544 459 656 476; x_wconf 77' lang='lat' dir='ltr'>Parisienses</span> <span class='ocrx_word' id='word_1_157' title='bbox 670 462 688 476; x_wconf 81' lang='lat' dir='ltr'>et</span> <span class='ocrx_word' id='word_1_158' title='bbox 703 459 768 476; x_wconf 83' lang='lat' dir='ltr'>melius</span> <span class='ocrx_word' id='word_1_159' title='bbox 782 459 912 482; x_wconf 73' lang='lat' dir='ltr'>intelligentes.</span> <span class='ocrx_word' id='word_1_160' title='bbox 928 459 981 481; x_wconf 85' lang='lat' dir='ltr'>Quod</span> <span class='ocrx_word' id='word_1_161' title='bbox 995 463 1013 476; x_wconf 86' lang='lat' dir='ltr'>et</span> <span class='ocrx_word' id='word_1_162' title='bbox 1025 458 1102 477; x_wconf 78' lang='lat' dir='ltr'>fecimus</span> 
     </span>
     <span class='ocr_line' id='line_1_14' title="bbox 174 492 1100 515; baseline 0.001 -6"><span class='ocrx_word' id='word_1_163' title='bbox 174 492 290 515; x_wconf 67' lang='lat' dir='ltr'>presentibus</span> <span class='ocrx_word' id='word_1_164' title='bbox 305 493 389 509; x_wconf 88' lang='lat' dir='ltr'>omnibus</span> <span class='ocrx_word' id='word_1_165' title='bbox 402 495 436 509; x_wconf 83' lang='lat' dir='ltr'>tam</span> <span class='ocrx_word' id='word_1_166' title='bbox 446 492 495 515; x_wconf 83' lang='lat' dir='ltr'>juris</span> <span class='ocrx_word' id='word_1_167' title='bbox 507 492 588 509; x_wconf 78' lang='lat' dir='ltr'>canonici</span> <span class='ocrx_word' id='word_1_168' title='bbox 601 499 654 515; x_wconf 83' lang='lat' dir='ltr'>quam</span> <span class='ocrx_word' id='word_1_169' title='bbox 666 492 731 513; x_wconf 63' lang='lat' dir='ltr'>civilis,</span> <span class='ocrx_word' id='word_1_170' title='bbox 745 496 830 515; x_wconf 85' lang='lat' dir='ltr'>presente</span> <span class='ocrx_word' id='word_1_171' title='bbox 842 493 896 509; x_wconf 79' lang='lat' dir='ltr'>fratrc</span> <span class='ocrx_word' id='word_1_172' title='bbox 908 493 990 510; x_wconf 87' lang='lat' dir='ltr'>Johanne</span> <span class='ocrx_word' id='word_1_173' title='bbox 1002 493 1024 509; x_wconf 88' lang='lat' dir='ltr'>de</span> <span class='ocrx_word' id='word_1_174' title='bbox 1037 493 1100 510; x_wconf 84' lang='lat' dir='ltr'>Sancto</span> 
     </span>
     <span class='ocr_line' id='line_1_15' title="bbox 174 526 1102 549; baseline 0 -7"><span class='ocrx_word' id='word_1_175' title='bbox 174 526 283 543; x_wconf 79' lang='lat' dir='ltr'>Benedicto&#39;</span> <span class='ocrx_word' id='word_1_176' title='bbox 294 526 380 549; x_wconf 80' lang='lat' dir='ltr'>magistro</span> <span class='ocrx_word' id='word_1_177' title='bbox 393 526 411 542; x_wconf 89' lang='lat' dir='ltr'>in</span> <span class='ocrx_word' id='word_1_178' title='bbox 424 526 522 548; x_wconf 67' lang='lat' dir='ltr'>theologia,</span> <span class='ocrx_word' id='word_1_179' title='bbox 533 526 632 542; x_wconf 76' lang='lat' dir='ltr'>lectoribus</span> <span class='ocrx_word' id='word_1_180' title='bbox 644 526 778 543; x_wconf 83' lang='lat' dir='ltr'>Predicatorum</span> <span class='ocrx_word' id='word_1_181' title='bbox 790 529 808 542; x_wconf 76' lang='lat' dir='ltr'>et</span> <span class='ocrx_word' id='word_1_182' title='bbox 819 526 916 543; x_wconf 79' lang='lat' dir='ltr'>Minorum.</span> <span class='ocrx_word' id='word_1_183' title='bbox 930 527 952 543; x_wconf 82' lang='lat' dir='ltr'>Et</span> <span class='ocrx_word' id='word_1_184' title='bbox 964 526 1049 543; x_wconf 83' lang='lat' dir='ltr'>omnihus</span> <span class='ocrx_word' id='word_1_185' title='bbox 1061 526 1102 543; x_wconf 88' lang='lat' dir='ltr'>dili-</span> 
     </span>
     <span class='ocr_line' id='line_1_16' title="bbox 173 559 1101 582; baseline 0 -6"><span class='ocrx_word' id='word_1_186' title='bbox 173 563 238 582; x_wconf 82' lang='lat' dir='ltr'>genter</span> <span class='ocrx_word' id='word_1_187' title='bbox 252 559 339 582; x_wconf 82' lang='lat' dir='ltr'>expositis</span> <span class='ocrx_word' id='word_1_188' title='bbox 354 562 372 576; x_wconf 86' lang='lat' dir='ltr'>et</span> <span class='ocrx_word' id='word_1_189' title='bbox 386 559 437 576; x_wconf 81' lang='lat' dir='ltr'>linito</span> <span class='ocrx_word' id='word_1_190' title='bbox 452 565 536 576; x_wconf 82' lang='lat' dir='ltr'>sermone</span> <span class='ocrx_word' id='word_1_191' title='bbox 552 563 614 576; x_wconf 76' lang='lat' dir='ltr'>nostro</span> <span class='ocrx_word' id='word_1_192' title='bbox 625 559 703 576; x_wconf 78' lang='lat' dir='ltr'>surrexit</span> <span class='ocrx_word' id='word_1_193' title='bbox 715 559 770 576; x_wconf 80' lang='lat' dir='ltr'>frater</span> <span class='ocrx_word' id='word_1_194' title='bbox 782 559 874 576; x_wconf 80' lang='lat' dir='ltr'>Johannes</span> <span class='ocrx_word' id='word_1_195' title='bbox 889 562 907 576; x_wconf 86' lang='lat' dir='ltr'>et</span> <span class='ocrx_word' id='word_1_196' title='bbox 923 559 982 580; x_wconf 82' lang='lat' dir='ltr'>dixit:</span> <span class='ocrx_word' id='word_1_197' title='bbox 994 559 1101 576; x_wconf 83' lang='lat' dir='ltr'>«Dominus</span> 
     </span>
     <span class='ocr_line' id='line_1_17' title="bbox 173 592 1102 615; baseline 0 -6"><span class='ocrx_word' id='word_1_198' title='bbox 173 593 271 615; x_wconf 81' lang='lat' dir='ltr'>episcopus</span> <span class='ocrx_word' id='word_1_199' title='bbox 281 592 324 609; x_wconf 80' lang='lat' dir='ltr'>dicit</span> <span class='ocrx_word' id='word_1_200' title='bbox 335 592 389 609; x_wconf 83' lang='lat' dir='ltr'>multa</span> <span class='ocrx_word' id='word_1_201' title='bbox 397 592 444 609; x_wconf 80' lang='lat' dir='ltr'>bona</span> <span class='ocrx_word' id='word_1_202' title='bbox 454 595 473 609; x_wconf 83' lang='lat' dir='ltr'>et</span> <span class='ocrx_word' id='word_1_203' title='bbox 479 598 528 613; x_wconf 70' lang='lat' dir='ltr'>vera,</span> <span class='ocrx_word' id='word_1_204' title='bbox 537 592 613 615; x_wconf 87' lang='lat' dir='ltr'>quedam</span> <span class='ocrx_word' id='word_1_205' title='bbox 621 592 683 613; x_wconf 71' lang='lat' dir='ltr'>dubia„</span> <span class='ocrx_word' id='word_1_206' title='bbox 691 595 709 609; x_wconf 88' lang='lat' dir='ltr'>et</span> <span class='ocrx_word' id='word_1_207' title='bbox 717 593 793 615; x_wconf 83' lang='lat' dir='ltr'>quedam</span> <span class='ocrx_word' id='word_1_208' title='bbox 804 592 844 613; x_wconf 82' lang='lat' dir='ltr'>alia⁷</span> <span class='ocrx_word' id='word_1_209' title='bbox 855 595 872 609; x_wconf 89' lang='lat' dir='ltr'>et</span> <span class='ocrx_word' id='word_1_210' title='bbox 882 592 903 609; x_wconf 89' lang='lat' dir='ltr'>ad</span> <span class='ocrx_word' id='word_1_211' title='bbox 914 592 973 609; x_wconf 79' lang='lat' dir='ltr'>omnia</span> <span class='ocrx_word' id='word_1_212' title='bbox 983 592 1017 609; x_wconf 80' lang='lat' dir='ltr'>ista</span> <span class='ocrx_word' id='word_1_213' title='bbox 1027 598 1102 615; x_wconf 84' lang='lat' dir='ltr'>respon-</span> 
     </span>
     <span class='ocr_line' id='line_1_18' title="bbox 173 625 1101 648; baseline 0 -6"><span class='ocrx_word' id='word_1_214' title='bbox 173 626 238 642; x_wconf 69' lang='lat' dir='ltr'>demus</span> <span class='ocrx_word' id='word_1_215' title='bbox 248 626 277 642; x_wconf 88' lang='lat' dir='ltr'>die</span> <span class='ocrx_word' id='word_1_216' title='bbox 287 626 377 643; x_wconf 83' lang='lat' dir='ltr'>dominica</span> <span class='ocrx_word' id='word_1_217' title='bbox 388 628 497 648; x_wconf 72' lang='lat' dir='ltr'>sequente.»</span> <span class='ocrx_word' id='word_1_218' title='bbox 507 626 528 642; x_wconf 83' lang='lat' dir='ltr'>Et</span> <span class='ocrx_word' id='word_1_219' title='bbox 538 625 652 648; x_wconf 70' lang='lat' dir='ltr'>predicaviF&#39;,</span> <span class='ocrx_word' id='word_1_220' title='bbox 659 629 677 642; x_wconf 90' lang='lat' dir='ltr'>et</span> <span class='ocrx_word' id='word_1_221' title='bbox 689 625 743 643; x_wconf 78' lang='lat' dir='ltr'>multa</span> <span class='ocrx_word' id='word_1_222' title='bbox 754 626 799 642; x_wconf 87' lang='lat' dir='ltr'>dixit</span> <span class='ocrx_word' id='word_1_223' title='bbox 808 626 852 642; x_wconf 80' lang='lat' dir='ltr'>salsa</span> <span class='ocrx_word' id='word_1_224' title='bbox 862 629 880 642; x_wconf 91' lang='lat' dir='ltr'>et</span> <span class='ocrx_word' id='word_1_225' title='bbox 889 626 950 646; x_wconf 73' lang='lat' dir='ltr'>dubia,</span> <span class='ocrx_word' id='word_1_226' title='bbox 961 629 979 642; x_wconf 85' lang='lat' dir='ltr'>et</span> <span class='ocrx_word' id='word_1_227' title='bbox 989 632 1044 648; x_wconf 71' lang='lat' dir='ltr'>pauca</span> <span class='ocrx_word' id='word_1_228' title='bbox 1053 632 1101 647; x_wconf 67' lang='lat' dir='ltr'>vera„</span> 
     </span>
     <span class='ocr_line' id='line_1_19' title="bbox 173 659 1102 682; baseline 0.001 -7"><span class='ocrx_word' id='word_1_229' title='bbox 173 662 192 676; x_wconf 90' lang='lat' dir='ltr'>et</span> <span class='ocrx_word' id='word_1_230' title='bbox 205 659 235 676; x_wconf 86' lang='lat' dir='ltr'>illa</span> <span class='ocrx_word' id='word_1_231' title='bbox 250 659 315 682; x_wconf 78' lang='lat' dir='ltr'>scripta</span> <span class='ocrx_word' id='word_1_232' title='bbox 329 659 403 676; x_wconf 82' lang='lat' dir='ltr'>suerunt</span> <span class='ocrx_word' id='word_1_233' title='bbox 415 664 447 681; x_wconf 88' lang='lat' dir='ltr'>per</span> <span class='ocrx_word' id='word_1_234' title='bbox 462 659 529 675; x_wconf 78' lang='lat' dir='ltr'>inultos</span> <span class='ocrx_word' id='word_1_235' title='bbox 543 659 623 676; x_wconf 83' lang='lat' dir='ltr'>scolares</span> <span class='ocrx_word' id='word_1_236' title='bbox 638 662 656 675; x_wconf 84' lang='lat' dir='ltr'>et</span> <span class='ocrx_word' id='word_1_237' title='bbox 672 659 779 676; x_wconf 66' lang='lat' dir='ltr'>tabelliones</span> <span class='ocrx_word' id='word_1_238' title='bbox 794 665 841 682; x_wconf 84' lang='lat' dir='ltr'>quos</span> <span class='ocrx_word' id='word_1_239' title='bbox 854 659 875 676; x_wconf 83' lang='lat' dir='ltr'>ad</span> <span class='ocrx_word' id='word_1_240' title='bbox 890 659 924 676; x_wconf 74' lang='lat' dir='ltr'>hoc</span> <span class='ocrx_word' id='word_1_241' title='bbox 938 659 1051 676; x_wconf 66' lang='lat' dir='ltr'>miseramus„</span> <span class='ocrx_word' id='word_1_242' title='bbox 1062 659 1102 681; x_wconf 84' lang='lat' dir='ltr'>Quo</span> 
     </span>
     <span class='ocr_line' id='line_1_20' title="bbox 172 692 1103 715; baseline 0 -6"><span class='ocrx_word' id='word_1_243' title='bbox 172 692 241 713; x_wconf 78' lang='lat' dir='ltr'>audito,</span> <span class='ocrx_word' id='word_1_244' title='bbox 258 692 327 709; x_wconf 77' lang='lat' dir='ltr'>reversi</span> <span class='ocrx_word' id='word_1_245' title='bbox 347 692 370 709; x_wconf 85' lang='lat' dir='ltr'>de</span> <span class='ocrx_word' id='word_1_246' title='bbox 387 692 514 712; x_wconf 78' lang='lat' dir='ltr'>Banienciaco‚</span> <span class='ocrx_word' id='word_1_247' title='bbox 531 692 562 709; x_wconf 82' lang='lat' dir='ltr'>ubi</span> <span class='ocrx_word' id='word_1_248' title='bbox 584 698 616 715; x_wconf 85' lang='lat' dir='ltr'>pro</span> <span class='ocrx_word' id='word_1_249' title='bbox 635 692 704 709; x_wconf 82' lang='lat' dir='ltr'>nostris</span> <span class='ocrx_word' id='word_1_250' title='bbox 721 692 803 715; x_wconf 82' lang='lat' dir='ltr'>negociis</span> <span class='ocrx_word' id='word_1_251' title='bbox 823 696 865 709; x_wconf 78' lang='lat' dir='ltr'>tunc</span> <span class='ocrx_word' id='word_1_252' title='bbox 884 698 962 713; x_wconf 83' lang='lat' dir='ltr'>eramus,</span> <span class='ocrx_word' id='word_1_253' title='bbox 979 692 1103 709; x_wconf 74' lang='lat' dir='ltr'>mandavimus</span> 
     </span>
     <span class='ocr_line' id='line_1_21' title="bbox 172 724 1102 749; baseline 0 -7"><span class='ocrx_word' id='word_1_254' title='bbox 172 724 264 749; x_wconf 69' lang='lat' dir='ltr'>&#39;magistris</span> <span class='ocrx_word' id='word_1_255' title='bbox 281 726 330 748; x_wconf 79' lang='lat' dir='ltr'>quod</span> <span class='ocrx_word' id='word_1_256' title='bbox 343 726 364 742; x_wconf 84' lang='lat' dir='ltr'>ad</span> <span class='ocrx_word' id='word_1_257' title='bbox 378 725 438 742; x_wconf 81' lang='lat' dir='ltr'>onmia</span> <span class='ocrx_word' id='word_1_258' title='bbox 448 731 484 748; x_wconf 89' lang='lat' dir='ltr'>qne</span> <span class='ocrx_word' id='word_1_259' title='bbox 494 725 563 742; x_wconf 77' lang='lat' dir='ltr'>dixerat</span> <span class='ocrx_word' id='word_1_260' title='bbox 571 725 626 742; x_wconf 81' lang='lat' dir='ltr'>frater</span> <span class='ocrx_word' id='word_1_261' title='bbox 635 726 727 742; x_wconf 79' lang='lat' dir='ltr'>lohannes</span> <span class='ocrx_word' id='word_1_262' title='bbox 738 726 891 748; x_wconf 75' lang='lat' dir='ltr'>responderemus</span> <span class='ocrx_word' id='word_1_263' title='bbox 902 725 931 742; x_wconf 87' lang='lat' dir='ltr'>die</span> <span class='ocrx_word' id='word_1_264' title='bbox 941 725 1030 742; x_wconf 82' lang='lat' dir='ltr'>dominica</span> <span class='ocrx_word' id='word_1_265' title='bbox 1041 726 1102 742; x_wconf 81' lang='lat' dir='ltr'>subse-</span> 
     </span>
     <span class='ocr_line' id='line_1_22' title="bbox 172 758 1103 782; baseline 0 -6"><span class='ocrx_word' id='word_1_266' title='bbox 172 759 242 782; x_wconf 68' lang='lat' dir='ltr'>quenti,</span> <span class='ocrx_word' id='word_1_267' title='bbox 253 759 271 776; x_wconf 93' lang='lat' dir='ltr'>in</span> <span class='ocrx_word' id='word_1_268' title='bbox 281 759 310 776; x_wconf 80' lang='lat' dir='ltr'>die</span> <span class='ocrx_word' id='word_1_269' title='bbox 320 758 454 776; x_wconf 75' lang='lat' dir='ltr'>Purificationis</span> <span class='ocrx_word' id='word_1_270' title='bbox 464 758 516 776; x_wconf 78' lang='lat' dir='ltr'>beate</span> <span class='ocrx_word' id='word_1_271' title='bbox 522 758 628 782; x_wconf 77' lang='lat' dir='ltr'>Virginis¹·.</span> <span class='ocrx_word' id='word_1_272' title='bbox 638 759 660 776; x_wconf 82' lang='lat' dir='ltr'>Et</span> <span class='ocrx_word' id='word_1_273' title='bbox 668 764 770 776; x_wconf 78' lang='lat' dir='ltr'>sermonem</span> <span class='ocrx_word' id='word_1_274' title='bbox 780 758 857 776; x_wconf 81' lang='lat' dir='ltr'>fecimus</span> <span class='ocrx_word' id='word_1_275' title='bbox 865 762 883 776; x_wconf 87' lang='lat' dir='ltr'>et</span> <span class='ocrx_word' id='word_1_276' title='bbox 890 758 913 776; x_wconf 91' lang='lat' dir='ltr'>ad</span> <span class='ocrx_word' id='word_1_277' title='bbox 920 758 980 776; x_wconf 78' lang='lat' dir='ltr'>omnia</span> <span class='ocrx_word' id='word_1_278' title='bbox 990 764 1024 782; x_wconf 88' lang='lat' dir='ltr'>que</span> <span class='ocrx_word' id='word_1_279' title='bbox 1034 758 1103 776; x_wconf 75' lang='lat' dir='ltr'>dixerat</span> 
     </span>
     <span class='ocr_line' id='line_1_23' title="bbox 173 791 1103 815; baseline 0 -6"><span class='ocrx_word' id='word_1_280' title='bbox 173 792 302 815; x_wconf 83' lang='lat' dir='ltr'>respondimus</span> <span class='ocrx_word' id='word_1_281' title='bbox 319 798 351 815; x_wconf 83' lang='lat' dir='ltr'>per</span> <span class='ocrx_word' id='word_1_282' title='bbox 365 793 406 814; x_wconf 74' lang='lat' dir='ltr'>jura</span> <span class='ocrx_word' id='word_1_283' title='bbox 423 791 500 815; x_wconf 75' lang='lat' dir='ltr'>allegata</span> <span class='ocrx_word' id='word_1_284' title='bbox 517 798 576 809; x_wconf 79' lang='lat' dir='ltr'>coram</span> <span class='ocrx_word' id='word_1_285' title='bbox 593 792 692 815; x_wconf 69' lang='lat' dir='ltr'>magistris,</span> <span class='ocrx_word' id='word_1_286' title='bbox 708 792 738 815; x_wconf 79' lang='lat' dir='ltr'>qui</span> <span class='ocrx_word' id='word_1_287' title='bbox 755 798 775 809; x_wconf 86' lang='lat' dir='ltr'>ea</span> <span class='ocrx_word' id='word_1_288' title='bbox 793 798 830 809; x_wconf 86' lang='lat' dir='ltr'>non</span> <span class='ocrx_word' id='word_1_289' title='bbox 846 792 960 815; x_wconf 62' lang='lat' dir='ltr'>ignorabant,</span> <span class='ocrx_word' id='word_1_290' title='bbox 975 792 1068 815; x_wconf 85' lang='lat' dir='ltr'>productis</span> <span class='ocrx_word' id='word_1_291' title='bbox 1084 792 1103 809; x_wconf 90' lang='lat' dir='ltr'>in</span> 
     </span>
    </p>
   </div>
   <div class='ocr_carea' id='block_1_3' title="bbox 173 825 1136 848">
    <p class='ocr_par' dir='ltr' id='par_1_4' title="bbox 173 825 1136 848">
     <span class='ocr_line' id='line_1_24' title="bbox 173 825 1136 848; baseline 0 -6"><span class='ocrx_word' id='word_1_292' title='bbox 173 826 252 842; x_wconf 83' lang='lat' dir='ltr'>medium</span> <span class='ocrx_word' id='word_1_293' title='bbox 262 825 315 842; x_wconf 81' lang='lat' dir='ltr'>libris</span> <span class='ocrx_word' id='word_1_294' title='bbox 325 829 344 842; x_wconf 85' lang='lat' dir='ltr'>et</span> <span class='ocrx_word' id='word_1_295' title='bbox 353 825 405 842; x_wconf 73' lang='lat' dir='ltr'>lectis</span> <span class='ocrx_word' id='word_1_296' title='bbox 412 825 487 847; x_wconf 84' lang='lat' dir='ltr'>juribus</span> <span class='ocrx_word' id='word_1_297' title='bbox 497 831 532 848; x_wconf 84' lang='lat' dir='ltr'>que</span> <span class='ocrx_word' id='word_1_298' title='bbox 543 825 647 848; x_wconf 79' lang='lat' dir='ltr'>opinionem</span> <span class='ocrx_word' id='word_1_299' title='bbox 658 828 737 842; x_wconf 79' lang='lat' dir='ltr'>nostram</span> <span class='ocrx_word' id='word_1_300' title='bbox 747 825 883 842; x_wconf 74' lang='lat' dir='ltr'>confirmabant.</span> <span class='ocrx_word' id='word_1_301' title='bbox 894 825 966 847; x_wconf 81' lang='lat' dir='ltr'>Quibus</span> <span class='ocrx_word' id='word_1_302' title='bbox 978 825 1051 846; x_wconf 80' lang='lat' dir='ltr'>auditis,</span> <span class='ocrx_word' id='word_1_303' title='bbox 1063 825 1104 842; x_wconf 86' lang='lat' dir='ltr'>licet</span> <span class='ocrx_word' id='word_1_304' title='bbox 1133 843 1136 845; x_wconf 66' lang='grc'>,</span> 
     </span>
    </p>
   </div>
   <div class='ocr_carea' id='block_1_4' title="bbox 172 858 1108 1314">
    <p class='ocr_par' dir='ltr' id='par_1_5' title="bbox 172 858 1105 1148">
     <span class='ocr_line' id='line_1_25' title="bbox 172 858 1104 882; baseline 0 -7"><span class='ocrx_word' id='word_1_305' title='bbox 172 859 237 876; x_wconf 81' lang='lat' dir='ltr'>fratres</span> <span class='ocrx_word' id='word_1_306' title='bbox 250 859 281 882; x_wconf 90' lang='lat' dir='ltr'>qui</span> <span class='ocrx_word' id='word_1_307' title='bbox 295 862 390 881; x_wconf 81' lang='lat' dir='ltr'>presentes</span> <span class='ocrx_word' id='word_1_308' title='bbox 403 862 461 879; x_wconf 83' lang='lat' dir='ltr'>erant,</span> <span class='ocrx_word' id='word_1_309' title='bbox 475 859 535 875; x_wconf 85' lang='lat' dir='ltr'>dictus</span> <span class='ocrx_word' id='word_1_310' title='bbox 547 859 638 876; x_wconf 82' lang='lat' dir='ltr'>Johannes</span> <span class='ocrx_word' id='word_1_311' title='bbox 652 862 670 875; x_wconf 92' lang='lat' dir='ltr'>et</span> <span class='ocrx_word' id='word_1_312' title='bbox 683 858 713 875; x_wconf 85' lang='lat' dir='ltr'>alii</span> <span class='ocrx_word' id='word_1_313' title='bbox 723 858 801 876; x_wconf 85' lang='lat' dir='ltr'>lectores</span> <span class='ocrx_word' id='word_1_314' title='bbox 815 862 833 875; x_wconf 83' lang='lat' dir='ltr'>et</span> <span class='ocrx_word' id='word_1_315' title='bbox 844 859 916 880; x_wconf 69' lang='lat' dir='ltr'>fratres,</span> <span class='ocrx_word' id='word_1_316' title='bbox 930 859 952 875; x_wconf 84' lang='lat' dir='ltr'>ad</span> <span class='ocrx_word' id='word_1_317' title='bbox 965 858 1024 882; x_wconf 83' lang='lat' dir='ltr'>aliqua</span> <span class='ocrx_word' id='word_1_318' title='bbox 1036 858 1104 875; x_wconf 86' lang='lat' dir='ltr'>vellent</span> 
     </span>
     <span class='ocr_line' id='line_1_26' title="bbox 173 891 1104 915; baseline -0.001 -6"><span class='ocrx_word' id='word_1_319' title='bbox 173 892 291 915; x_wconf 68' lang='lat' dir='ltr'>respondere,</span> <span class='ocrx_word' id='word_1_320' title='bbox 302 895 345 909; x_wconf 83' lang='lat' dir='ltr'>tune</span> <span class='ocrx_word' id='word_1_321' title='bbox 356 898 393 909; x_wconf 83' lang='lat' dir='ltr'>non</span> <span class='ocrx_word' id='word_1_322' title='bbox 402 892 477 909; x_wconf 80' lang='lat' dir='ltr'>suerunt</span> <span class='ocrx_word' id='word_1_323' title='bbox 486 891 565 908; x_wconf 78' lang='lat' dir='ltr'>exauditi</span> <span class='ocrx_word' id='word_1_324' title='bbox 575 892 630 908; x_wconf 87' lang='lat' dir='ltr'>immo</span> <span class='ocrx_word' id='word_1_325' title='bbox 641 892 716 908; x_wconf 89' lang='lat' dir='ltr'>multum</span> <span class='ocrx_word' id='word_1_326' title='bbox 727 892 804 912; x_wconf 80' lang='lat' dir='ltr'>sibilati;</span> <span class='ocrx_word' id='word_1_327' title='bbox 813 896 831 909; x_wconf 79' lang='lat' dir='ltr'>et</span> <span class='ocrx_word' id='word_1_328' title='bbox 840 892 862 908; x_wconf 89' lang='lat' dir='ltr'>de</span> <span class='ocrx_word' id='word_1_329' title='bbox 871 892 943 909; x_wconf 85' lang='lat' dir='ltr'>duobus</span> <span class='ocrx_word' id='word_1_330' title='bbox 953 898 989 914; x_wconf 85' lang='lat' dir='ltr'>que</span> <span class='ocrx_word' id='word_1_331' title='bbox 998 892 1104 909; x_wconf 79' lang='lat' dir='ltr'>asserebant</span> 
     </span>
     <span class='ocr_line' id='line_1_27' title="bbox 172 927 1104 951; baseline -0.001 -7"><span class='ocrx_word' id='word_1_332' title='bbox 172 933 214 944; x_wconf 81' lang='lat' dir='ltr'>esse</span> <span class='ocrx_word' id='word_1_333' title='bbox 223 934 272 946; x_wconf 79' lang='lat' dir='ltr'>vera.</span> <span class='ocrx_word' id='word_1_334' title='bbox 282 928 327 944; x_wconf 91' lang='lat' dir='ltr'>adeo</span> <span class='ocrx_word' id='word_1_335' title='bbox 338 927 430 951; x_wconf 77' lang='lat' dir='ltr'>reprobati</span> <span class='ocrx_word' id='word_1_336' title='bbox 439 927 513 944; x_wconf 80' lang='lat' dir='ltr'>suerunt</span> <span class='ocrx_word' id='word_1_337' title='bbox 523 927 573 950; x_wconf 85' lang='lat' dir='ltr'>quod</span> <span class='ocrx_word' id='word_1_338' title='bbox 582 933 619 944; x_wconf 87' lang='lat' dir='ltr'>non</span> <span class='ocrx_word' id='word_1_339' title='bbox 629 927 719 944; x_wconf 80' lang='lat' dir='ltr'>audebant</span> <span class='ocrx_word' id='word_1_340' title='bbox 729 927 747 943; x_wconf 93' lang='lat' dir='ltr'>in</span> <span class='ocrx_word' id='word_1_341' title='bbox 757 927 837 944; x_wconf 84' lang='lat' dir='ltr'>inedium</span> <span class='ocrx_word' id='word_1_342' title='bbox 848 927 929 950; x_wconf 78' lang='lat' dir='ltr'>proferro</span> <span class='ocrx_word' id='word_1_343' title='bbox 936 927 1006 944; x_wconf 74' lang='lat' dir='ltr'>litteras</span> <span class='ocrx_word' id='word_1_344' title='bbox 1014 930 1032 944; x_wconf 83' lang='lat' dir='ltr'>et</span> <span class='ocrx_word' id='word_1_345' title='bbox 1039 927 1104 944; x_wconf 85' lang='lat' dir='ltr'>instru-</span> 
     </span>
     <span class='ocr_line' id='line_1_28' title="bbox 173 960 1104 984; baseline -0.001 -7"><span class='ocrx_word' id='word_1_346' title='bbox 173 964 231 977; x_wconf 79' lang='lat' dir='ltr'>menta</span> <span class='ocrx_word' id='word_1_347' title='bbox 242 966 276 984; x_wconf 87' lang='lat' dir='ltr'>que</span> <span class='ocrx_word' id='word_1_348' title='bbox 287 967 344 983; x_wconf 81' lang='lat' dir='ltr'>penes</span> <span class='ocrx_word' id='word_1_349' title='bbox 354 967 374 978; x_wconf 82' lang='lat' dir='ltr'>se</span> <span class='ocrx_word' id='word_1_350' title='bbox 382 960 478 977; x_wconf 80' lang='lat' dir='ltr'>habebant.</span> <span class='ocrx_word' id='word_1_351' title='bbox 487 960 527 982; x_wconf 85' lang='lat' dir='ltr'>Que</span> <span class='ocrx_word' id='word_1_352' title='bbox 539 966 571 983; x_wconf 82' lang='lat' dir='ltr'>pro</span> <span class='ocrx_word' id='word_1_353' title='bbox 579 966 599 977; x_wconf 89' lang='lat' dir='ltr'>se</span> <span class='ocrx_word' id='word_1_354' title='bbox 606 960 715 983; x_wconf 74' lang='lat' dir='ltr'>allegabant,</span> <span class='ocrx_word' id='word_1_355' title='bbox 727 960 771 977; x_wconf 76' lang='lat' dir='ltr'>certi</span> <span class='ocrx_word' id='word_1_356' title='bbox 783 966 846 977; x_wconf 82' lang='lat' dir='ltr'>sumus</span> <span class='ocrx_word' id='word_1_357' title='bbox 857 960 906 983; x_wconf 87' lang='lat' dir='ltr'>quod</span> <span class='ocrx_word' id='word_1_358' title='bbox 917 966 954 977; x_wconf 86' lang='lat' dir='ltr'>non</span> <span class='ocrx_word' id='word_1_359' title='bbox 964 960 1031 976; x_wconf 86' lang='lat' dir='ltr'>habent</span> <span class='ocrx_word' id='word_1_360' title='bbox 1040 960 1074 977; x_wconf 83' lang='lat' dir='ltr'>sub</span> <span class='ocrx_word' id='word_1_361' title='bbox 1082 966 1104 977; x_wconf 88' lang='lat' dir='ltr'>eo</span> 
     </span>
     <span class='ocr_line' id='line_1_29' title="bbox 172 992 1104 1017; baseline 0 -7"><span class='ocrx_word' id='word_1_362' title='bbox 172 997 235 1010; x_wconf 86' lang='lat' dir='ltr'>tenore</span> <span class='ocrx_word' id='word_1_363' title='bbox 248 994 282 1011; x_wconf 80' lang='lat' dir='ltr'>sub</span> <span class='ocrx_word' id='word_1_364' title='bbox 290 1000 326 1017; x_wconf 84' lang='lat' dir='ltr'>quo</span> <span class='ocrx_word' id='word_1_365' title='bbox 337 993 404 1011; x_wconf 77' lang='lat' dir='ltr'>habere</span> <span class='ocrx_word' id='word_1_366' title='bbox 413 999 433 1010; x_wconf 76' lang='lat' dir='ltr'>se</span> <span class='ocrx_word' id='word_1_367' title='bbox 441 993 532 1010; x_wconf 78' lang='lat' dir='ltr'>dicebant.</span> <span class='ocrx_word' id='word_1_368' title='bbox 541 994 600 1010; x_wconf 88' lang='lat' dir='ltr'>Unum</span> <span class='ocrx_word' id='word_1_369' title='bbox 613 997 651 1010; x_wconf 84' lang='lat' dir='ltr'>erat</span> <span class='ocrx_word' id='word_1_370' title='bbox 662 994 711 1016; x_wconf 92' lang='lat' dir='ltr'>quod</span> <span class='ocrx_word' id='word_1_371' title='bbox 723 993 805 1016; x_wconf 75' lang='lat' dir='ltr'>magistri</span> <span class='ocrx_word' id='word_1_372' title='bbox 816 992 908 1016; x_wconf 78' lang='lat' dir='ltr'>theologie</span> <span class='ocrx_word' id='word_1_373' title='bbox 920 992 1044 1016; x_wconf 65' lang='lat' dir='ltr'>sigillaverunt</span> <span class='ocrx_word' id='word_1_374' title='bbox 1055 993 1104 1016; x_wconf 85' lang='lat' dir='ltr'>quod</span> 
     </span>
     <span class='ocr_line' id='line_1_30' title="bbox 172 1026 1104 1049; baseline 0 -6"><span class='ocrx_word' id='word_1_375' title='bbox 172 1027 261 1044; x_wconf 71' lang='lat' dir='ltr'>contritus</span> <span class='ocrx_word' id='word_1_376' title='bbox 274 1030 291 1044; x_wconf 88' lang='lat' dir='ltr'>et</span> <span class='ocrx_word' id='word_1_377' title='bbox 303 1027 406 1048; x_wconf 78' lang='lat' dir='ltr'>consessus,</span> <span class='ocrx_word' id='word_1_378' title='bbox 415 1029 455 1048; x_wconf 47' lang='lat' dir='ltr'>etc„</span> <span class='ocrx_word' id='word_1_379' title='bbox 464 1033 501 1044; x_wconf 84' lang='lat' dir='ltr'>non</span> <span class='ocrx_word' id='word_1_380' title='bbox 513 1030 595 1044; x_wconf 80' lang='lat' dir='ltr'>teneatur</span> <span class='ocrx_word' id='word_1_381' title='bbox 608 1027 670 1043; x_wconf 81' lang='lat' dir='ltr'>eadem</span> <span class='ocrx_word' id='word_1_382' title='bbox 683 1030 754 1049; x_wconf 82' lang='lat' dir='ltr'>peecata</span> <span class='ocrx_word' id='word_1_383' title='bbox 766 1026 855 1048; x_wconf 65' lang='lat' dir='ltr'>confiteri,</span> <span class='ocrx_word' id='word_1_384' title='bbox 864 1032 886 1043; x_wconf 88' lang='lat' dir='ltr'>ex</span> <span class='ocrx_word' id='word_1_385' title='bbox 898 1032 934 1049; x_wconf 87' lang='lat' dir='ltr'>quo</span> <span class='ocrx_word' id='word_1_386' title='bbox 947 1030 997 1043; x_wconf 86' lang='lat' dir='ltr'>esset</span> <span class='ocrx_word' id='word_1_387' title='bbox 1008 1027 1104 1044; x_wconf 77' lang='lat' dir='ltr'>consessus</span> 
     </span>
     <span class='ocr_line' id='line_1_31' title="bbox 172 1059 1105 1083; baseline 0 -7"><span class='ocrx_word' id='word_1_388' title='bbox 172 1059 258 1076; x_wconf 75' lang='lat' dir='ltr'>fratribus</span> <span class='ocrx_word' id='word_1_389' title='bbox 269 1060 321 1076; x_wconf 83' lang='lat' dir='ltr'>etiam</span> <span class='ocrx_word' id='word_1_390' title='bbox 333 1060 399 1077; x_wconf 79' lang='lat' dir='ltr'>virtute</span> <span class='ocrx_word' id='word_1_391' title='bbox 410 1060 509 1082; x_wconf 83' lang='lat' dir='ltr'>privilegii.</span> <span class='ocrx_word' id='word_1_392' title='bbox 517 1059 570 1076; x_wconf 79' lang='lat' dir='ltr'>Alius</span> <span class='ocrx_word' id='word_1_393' title='bbox 580 1065 634 1076; x_wconf 83' lang='lat' dir='ltr'>casus</span> <span class='ocrx_word' id='word_1_394' title='bbox 644 1063 683 1077; x_wconf 83' lang='lat' dir='ltr'>erat</span> <span class='ocrx_word' id='word_1_395' title='bbox 690 1060 738 1083; x_wconf 85' lang='lat' dir='ltr'>quod</span> <span class='ocrx_word' id='word_1_396' title='bbox 745 1060 846 1083; x_wconf 81' lang='lat' dir='ltr'>antiquitus</span> <span class='ocrx_word' id='word_1_397' title='bbox 853 1059 1002 1082; x_wconf 68' lang='lat' dir='ltr'>archiepiscopus</span> <span class='ocrx_word' id='word_1_398' title='bbox 1010 1060 1105 1077; x_wconf 78' lang='lat' dir='ltr'>Remensis</span> 
     </span>
     <span class='ocr_line' id='line_1_32' title="bbox 172 1093 1105 1116; baseline 0 -7"><span class='ocrx_word' id='word_1_399' title='bbox 172 1095 190 1109; x_wconf 84' lang='lat' dir='ltr'>et</span> <span class='ocrx_word' id='word_1_400' title='bbox 206 1093 246 1115; x_wconf 90' lang='lat' dir='ltr'>ejus</span> <span class='ocrx_word' id='word_1_401' title='bbox 264 1093 373 1115; x_wconf 73' lang='lat' dir='ltr'>suffraganei</span> <span class='ocrx_word' id='word_1_402' title='bbox 390 1093 467 1115; x_wconf 84' lang='lat' dir='ltr'>quedam</span> <span class='ocrx_word' id='word_1_403' title='bbox 486 1095 551 1109; x_wconf 77' lang='lat' dir='ltr'>statuta</span> <span class='ocrx_word' id='word_1_404' title='bbox 568 1093 649 1109; x_wconf 78' lang='lat' dir='ltr'>fecerant</span> <span class='ocrx_word' id='word_1_405' title='bbox 662 1099 695 1115; x_wconf 89' lang='lat' dir='ltr'>per</span> <span class='ocrx_word' id='word_1_406' title='bbox 709 1099 744 1116; x_wconf 86' lang='lat' dir='ltr'>que</span> <span class='ocrx_word' id='word_1_407' title='bbox 759 1093 851 1110; x_wconf 73' lang='lat' dir='ltr'>arctabant</span> <span class='ocrx_word' id='word_1_408' title='bbox 867 1096 976 1115; x_wconf 79' lang='lat' dir='ltr'>potestatem</span> <span class='ocrx_word' id='word_1_409' title='bbox 991 1093 1074 1114; x_wconf 73' lang='lat' dir='ltr'>fratrum,</span> <span class='ocrx_word' id='word_1_410' title='bbox 1088 1096 1105 1110; x_wconf 83' lang='lat' dir='ltr'>et</span> 
     </span>
     <span class='ocr_line' id='line_1_33' title="bbox 173 1124 919 1148; baseline 0.001 -6"><span class='ocrx_word' id='word_1_411' title='bbox 173 1125 258 1142; x_wconf 89' lang='lat' dir='ltr'>dominus</span> <span class='ocrx_word' id='word_1_412' title='bbox 271 1126 360 1142; x_wconf 80' lang='lat' dir='ltr'>Martinus</span> <span class='ocrx_word' id='word_1_413' title='bbox 373 1125 416 1142; x_wconf 91' lang='lat' dir='ltr'>dum</span> <span class='ocrx_word' id='word_1_414' title='bbox 427 1124 525 1148; x_wconf 79' lang='lat' dir='ltr'>legationis</span> <span class='ocrx_word' id='word_1_415' title='bbox 537 1125 596 1142; x_wconf 78' lang='lat' dir='ltr'>officio</span> <span class='ocrx_word' id='word_1_416' title='bbox 608 1126 716 1148; x_wconf 76' lang='lat' dir='ltr'>fungeretur</span> <span class='ocrx_word' id='word_1_417' title='bbox 728 1126 791 1142; x_wconf 81' lang='lat' dir='ltr'>eadem</span> <span class='ocrx_word' id='word_1_418' title='bbox 805 1126 919 1143; x_wconf 75' lang='lat' dir='ltr'>revocavit¹¹.</span> 
     </span>
    </p>

    <p class='ocr_par' dir='ltr' id='par_1_6' title="bbox 172 1158 1107 1280">
     <span class='ocr_line' id='line_1_34' title="bbox 217 1158 1106 1181; baseline 0 -6"><span class='ocrx_word' id='word_1_419' title='bbox 217 1159 240 1175; x_wconf 83' lang='lat' dir='ltr'>Et</span> <span class='ocrx_word' id='word_1_420' title='bbox 248 1162 267 1175; x_wconf 88' lang='lat' dir='ltr'>ut</span> <span class='ocrx_word' id='word_1_421' title='bbox 278 1158 300 1175; x_wconf 88' lang='lat' dir='ltr'>de</span> <span class='ocrx_word' id='word_1_422' title='bbox 313 1158 397 1181; x_wconf 85' lang='lat' dir='ltr'>pluribus</span> <span class='ocrx_word' id='word_1_423' title='bbox 408 1164 444 1181; x_wconf 84' lang='lat' dir='ltr'>que</span> <span class='ocrx_word' id='word_1_424' title='bbox 454 1159 499 1175; x_wconf 79' lang='lat' dir='ltr'>facta</span> <span class='ocrx_word' id='word_1_425' title='bbox 510 1158 582 1175; x_wconf 77' lang='lat' dir='ltr'>fuerant</span> <span class='ocrx_word' id='word_1_426' title='bbox 592 1158 696 1175; x_wconf 79' lang='lat' dir='ltr'>Aurelianis</span> <span class='ocrx_word' id='word_1_427' title='bbox 707 1159 767 1181; x_wconf 81' lang='lat' dir='ltr'>aliqua</span> <span class='ocrx_word' id='word_1_428' title='bbox 779 1159 833 1176; x_wconf 84' lang='lat' dir='ltr'>vobis</span> <span class='ocrx_word' id='word_1_429' title='bbox 845 1159 946 1176; x_wconf 73' lang='lat' dir='ltr'>scribamus</span> <span class='ocrx_word' id='word_1_430' title='bbox 955 1164 959 1175; x_wconf 77' lang='lat' dir='ltr'>z</span> <span class='ocrx_word' id='word_1_431' title='bbox 968 1159 1048 1176; x_wconf 83' lang='lat' dir='ltr'>Primum</span> <span class='ocrx_word' id='word_1_432' title='bbox 1057 1159 1106 1181; x_wconf 83' lang='lat' dir='ltr'>quod</span> 
     </span>
     <span class='ocr_line' id='line_1_35' title="bbox 172 1191 1107 1215; baseline 0 -7"><span class='ocrx_word' id='word_1_433' title='bbox 172 1191 258 1208; x_wconf 84' lang='lat' dir='ltr'>dicebant</span> <span class='ocrx_word' id='word_1_434' title='bbox 269 1197 304 1208; x_wconf 77' lang='lat' dir='ltr'>nos</span> <span class='ocrx_word' id='word_1_435' title='bbox 319 1191 423 1208; x_wconf 70' lang='lat' dir='ltr'>turbatores</span> <span class='ocrx_word' id='word_1_436' title='bbox 435 1191 492 1214; x_wconf 69' lang='lat' dir='ltr'>pacis„</span> <span class='ocrx_word' id='word_1_437' title='bbox 505 1197 614 1214; x_wconf 81' lang='lat' dir='ltr'>responsum</span> <span class='ocrx_word' id='word_1_438' title='bbox 626 1191 660 1208; x_wconf 79' lang='lat' dir='ltr'>suit</span> <span class='ocrx_word' id='word_1_439' title='bbox 671 1192 743 1215; x_wconf 74' lang='lat' dir='ltr'>passive</span> <span class='ocrx_word' id='word_1_440' title='bbox 758 1197 795 1208; x_wconf 89' lang='lat' dir='ltr'>non</span> <span class='ocrx_word' id='word_1_441' title='bbox 807 1192 870 1208; x_wconf 81' lang='lat' dir='ltr'>active.</span> <span class='ocrx_word' id='word_1_442' title='bbox 883 1191 955 1208; x_wconf 85' lang='lat' dir='ltr'>Nemini</span> <span class='ocrx_word' id='word_1_443' title='bbox 970 1192 1013 1209; x_wconf 77' lang='lat' dir='ltr'>facit</span> <span class='ocrx_word' id='word_1_444' title='bbox 1023 1192 1107 1214; x_wconf 82' lang='lat' dir='ltr'>injuriam</span> 
     </span>
     <span class='ocr_line' id='line_1_36' title="bbox 173 1223 1107 1248; baseline 0.001 -7"><span class='ocrx_word' id='word_1_445' title='bbox 173 1225 204 1248; x_wconf 89' lang='lat' dir='ltr'>qui</span> <span class='ocrx_word' id='word_1_446' title='bbox 217 1225 273 1241; x_wconf 80' lang='lat' dir='ltr'>utitur</span> <span class='ocrx_word' id='word_1_447' title='bbox 282 1225 325 1247; x_wconf 87' lang='lat' dir='ltr'>jure</span> <span class='ocrx_word' id='word_1_448' title='bbox 336 1230 376 1241; x_wconf 84' lang='lat' dir='ltr'>suo.</span> <span class='ocrx_word' id='word_1_449' title='bbox 390 1224 408 1241; x_wconf 77' lang='grc' dir='ltr'>Π.</span> <span class='ocrx_word' id='word_1_450' title='bbox 422 1224 445 1241; x_wconf 84' lang='lat' dir='ltr'>de</span> <span class='ocrx_word' id='word_1_451' title='bbox 457 1223 679 1247; x_wconf 67' lang='lat' dir='ltr'>injuriis‚l.1njurinrum</span> <span class='ocrx_word' id='word_1_452' title='bbox 692 1225 725 1246; x_wconf 80' lang='lat'><strong>[47,</strong></span> <span class='ocrx_word' id='word_1_453' title='bbox 740 1225 766 1241; x_wconf 85' lang='lat'>10.</span> <span class='ocrx_word' id='word_1_454' title='bbox 780 1225 816 1245; x_wconf 83' lang='grc'><strong>13];</strong></span> <span class='ocrx_word' id='word_1_455' title='bbox 829 1227 882 1242; x_wconf 70' lang='lat' dir='ltr'>extra</span> <span class='ocrx_word' id='word_1_456' title='bbox 894 1225 917 1241; x_wconf 88' lang='lat' dir='ltr'>de</span> <span class='ocrx_word' id='word_1_457' title='bbox 930 1224 1019 1242; x_wconf 85' lang='lat' dir='ltr'>electione</span> <span class='ocrx_word' id='word_1_458' title='bbox 1034 1231 1049 1242; x_wconf 84' lang='lat' dir='ltr'>e.</span> <span class='ocrx_word' id='word_1_459' title='bbox 1063 1225 1107 1242; x_wconf 86' lang='lat' dir='ltr'>Cum</span> 
     </span>
     <span class='ocr_line' id='line_1_37' title="bbox 172 1257 518 1280; baseline -0.003 -5"><span class='ocrx_word' id='word_1_460' title='bbox 172 1258 243 1275; x_wconf 76' lang='lat' dir='ltr'>ecclesia</span> <span class='ocrx_word' id='word_1_461' title='bbox 259 1257 355 1275; x_wconf 76' lang='lat' dir='ltr'>Vulter-mm</span> <span class='ocrx_word' id='word_1_462' title='bbox 368 1258 391 1278; x_wconf 82' lang='lat' dir='ltr'>[l,</span> <span class='ocrx_word' id='word_1_463' title='bbox 403 1258 420 1278; x_wconf 71' lang='lat'>6,</span> <span class='ocrx_word' id='word_1_464' title='bbox 433 1263 472 1280; x_wconf 83' lang='lat' dir='ltr'>cap.</span> <span class='ocrx_word' id='word_1_465' title='bbox 484 1258 518 1278; x_wconf 69' lang='lat'>311.</span> 
     </span>
    </p>

    <p class='ocr_par' dir='ltr' id='par_1_7' title="bbox 217 1290 1108 1314">
     <span class='ocr_line' id='line_1_38' title="bbox 217 1290 1108 1314; baseline 0 -6"><span class='ocrx_word' id='word_1_466' title='bbox 217 1291 321 1308; x_wconf 82' lang='lat' dir='ltr'>Secundum</span> <span class='ocrx_word' id='word_1_467' title='bbox 335 1291 384 1314; x_wconf 83' lang='lat' dir='ltr'>quod</span> <span class='ocrx_word' id='word_1_468' title='bbox 399 1290 477 1308; x_wconf 83' lang='lat' dir='ltr'>libenter</span> <span class='ocrx_word' id='word_1_469' title='bbox 489 1297 550 1314; x_wconf 79' lang='lat' dir='ltr'>paoem</span> <span class='ocrx_word' id='word_1_470' title='bbox 563 1290 652 1308; x_wconf 82' lang='lat' dir='ltr'>haberent</span> <span class='ocrx_word' id='word_1_471' title='bbox 663 1297 704 1308; x_wconf 88' lang='lat' dir='ltr'>cum</span> <span class='ocrx_word' id='word_1_472' title='bbox 716 1290 798 1313; x_wconf 80' lang='lat' dir='ltr'>prelatis.</span> <span class='ocrx_word' id='word_1_473' title='bbox 807 1292 922 1314; x_wconf 76' lang='lat' dir='ltr'>Responsum</span> <span class='ocrx_word' id='word_1_474' title='bbox 932 1292 966 1308; x_wconf 76' lang='lat' dir='ltr'>suit</span> <span class='ocrx_word' id='word_1_475' title='bbox 976 1292 1024 1314; x_wconf 89' lang='lat' dir='ltr'>quod</span> <span class='ocrx_word' id='word_1_476' title='bbox 1036 1297 1108 1314; x_wconf 79' lang='lat' dir='ltr'>semper</span> 
     </span>
    </p>
   </div>
   <div class='ocr_carea' id='block_1_5' title="bbox 173 1323 1108 1347">
    <p class='ocr_par' dir='ltr' id='par_1_8' title="bbox 173 1323 1108 1347">
     <span class='ocr_line' id='line_1_39' title="bbox 173 1323 1108 1347; baseline 0 -6"><span class='ocrx_word' id='word_1_477' title='bbox 173 1323 276 1341; x_wconf 81' lang='lat' dir='ltr'>habuerunt</span> <span class='ocrx_word' id='word_1_478' title='bbox 289 1331 329 1341; x_wconf 78' lang='lat' dir='ltr'>eam</span> <span class='ocrx_word' id='word_1_479' title='bbox 341 1324 427 1347; x_wconf 79' lang='lat' dir='ltr'>quamdiu</span> <span class='ocrx_word' id='word_1_480' title='bbox 440 1324 486 1341; x_wconf 80' lang='lat' dir='ltr'>facta</span> <span class='ocrx_word' id='word_1_481' title='bbox 498 1329 561 1341; x_wconf 86' lang='lat' dir='ltr'>eorum</span> <span class='ocrx_word' id='word_1_482' title='bbox 576 1323 624 1341; x_wconf 83' lang='lat' dir='ltr'>salva</span> <span class='ocrx_word' id='word_1_483' title='bbox 639 1323 750 1341; x_wconf 80' lang='lat' dir='ltr'>conscientia</span> <span class='ocrx_word' id='word_1_484' title='bbox 766 1323 858 1340; x_wconf 79' lang='lat' dir='ltr'>sustinere</span> <span class='ocrx_word' id='word_1_485' title='bbox 875 1324 975 1347; x_wconf 82' lang='lat' dir='ltr'>potuimus,</span> <span class='ocrx_word' id='word_1_486' title='bbox 986 1324 1020 1341; x_wconf 77' lang='lat' dir='ltr'>se‘d</span> <span class='ocrx_word' id='word_1_487' title='bbox 1034 1324 1053 1344; x_wconf 80' lang='lat' dir='ltr'>in</span> <span class='ocrx_word' id='word_1_488' title='bbox 1065 1330 1108 1342; x_wconf 76' lang='lat' dir='ltr'>casu</span> 
     </span>
    </p>
   </div>
  </div>
 </body>
</html>
