1273 1538
176 90 209 107 456
466 94 625 105 eiuu'rummmm
643 94 738 105 uuivmus.
756 95 821 105 ranis,
1056 87 1099 105 [1336

177 130 253 147 nacione
264 129 377 147 deficientes.
391 129 462 151 Quibus
472 129 545 151 quidem
558 130 681 152 congregatiS,
693 133 781 151 tempore,
792 129 835 146 hora
847 133 864 146 et
873 130 914 145 loco
926 129 1053 148 determinatis,
1063 132 1100 145 tune

177 162 240 178 exiens
250 166 364 184 procurator,
378 162 413 178 nisi
427 165 498 183 tenipus
511 167 563 178 suum
576 161 692 183 expiraverit,
703 164 721 177 et
733 162 749 177 si
762 161 861 183 expiratutu
872 161 932 181 suerit,
945 164 1004 177 rector
1015 161 1099 177 Universi-

178 194 219 210 tatis
229 194 345 214 Parisiensis,
354 194 383 210 vel
393 193 459 215 aliquis
469 193 516 210 alius
526 193 548 209 ab
558 199 579 210 eo
590 199 622 215 pro
634 199 653 210 se
663 193 767 215 deputatus,
778 193 833 209 debet
844 198 945 215 proponere
955 198 1013 209 coram
1023 192 1099 209 omnibus

177 227 199 247 in¹
211 226 257 242 dicta
273 226 349 243 nacione
363 225 478 247 regentibus,
492 225 516 242 ibi
531 228 604 247 propter
617 225 651 242 hoc
665 225 769 247 specialiter
783 225 907 247 congregatis,
923 228 982 241 utrum
998 225 1074 247 expediat
1085 229 1100 241 et

178 259 204 275 eis
217 259 286 281 placeat
299 259 358 275 facere
370 257 464 274 officialem
478 263 510 274 seu
523 257 609 274 officiales
619 263 703 279 quosque
713 257 825 274 defficientes
836 258 853 274 in
867 257 913 274 dicta
923 257 1004 277 nacione,
1014 257 1036 273 its
1048 260 1099 274 tamen

178 291 227 313 quod
239 291 255 307 si
265 290 313 307 citati
324 293 342 306 et
349 290 407 306 vocati
417 290 485 306 suerint
495 290 516 306 ad
527 290 608 312 priuuuu.
617 290 686 306 debent
696 290 785 312 expectari
797 296 892 312 quousque
903 290 923 306 ad
935 290 1007 312 primani
1018 289 1098 311 pulsatum

177 319 292 344 suerit-apud
306 323 388 338 Nostram
402 322 496 338 Dominam
510 322 622 339 sufficienter
635 325 653 338 et
666 322 687 338 ad
701 322 773 344 plenum
785 328 825 338 cuui
836 328 899 344 inagna
914 328 1003 344 campana,
1013 325 1098 344 antequam

177 355 200 371 de
212 354 298 376 eligendo
313 359 446 376 quemcumque
461 354 555 370 officialem
571 357 688 376 proponatun
704 355 726 370 Et
739 354 794 370 dehet
807 354 885 376 proponi
895 360 914 370 nc
925 354 1046 376 sollempniter
1057 354 1098 370 cele-

178 379 227 402 brari
237 389 255 402 et
265 386 344 408 perfici',
359 390 455 408 antequam
470 386 492 402 ad
506 386 559 402 aliam
575 386 637 402 horaui
655 389 761 408 sequentem
777 386 888 402 sufficienter
902 386 926 402 sit
940 386 1033 408 pulsatum,
1048 386 1078 402 nisi
1091 393 1098 403 a

178 418 264 440 predictis
277 418 376 440 magistris,
391 421 465 440 propter
478 418 513 434 hoc
526 418 649 440 congregatis,
664 421 735 440 teinpus
750 417 854 441 prolongari
868 418 991 441 dispensetur;
1008 421 1025 435 et
1035 418 1050 434 si
1061 418 1098 435 hora

178 450 261 472 preteriit
270 450 324 467 citius
335 456 387 472 quarn
399 450 428 466 [iat
442 450 515 471 electio,
525 454 542 467 et
555 456 591 466 nou
602 450 707 472 dispen5ato
718 450 740 466 ab
751 450 819 467 eisdem
831 451 853 467 de
864 450 1004 473 prolongacione
1015 451 1098 473 temporis,

178 486 250 505 oportet
260 488 324 499 novam
339 482 377 499 {ieri
387 483 503 499 vocaciouem
517 483 571 499 modo
581 482 681 502 antedictm
695 486 713 499 et
725 482 751 499 sic
764 482 903 505 intelligendum
917 486 944 499 est
958 482 984 499 eis
996 482 1034 499 aliis
1048 482 1097 499 horis.

177 515 298 531 Attendeutes
307 518 366 531 autent
377 515 425 537 quod
436 518 507 537 teinpus
517 515 600 531 exeuntis
610 515 734 537 procuratoris
744 520 776 531 seu
787 515 918 537 cujuscumque
929 515 1009 531 exeuntis
1019 515 1097 534 officialis,

178 553 214 563 non
225 550 286 569 potest
298 547 363 563 durare
374 547 409 563 uisi
423 553 454 569 per
467 553 521 563 unum
533 553 613 563 inensem
627 547 684 563 sextis
696 547 761 563 diebus
774 550 791 563 et
803 547 860 565 horis.
871 553 881 563 a
891 547 920 563 die
933 550 951 563 et
961 547 1004 564 hora
1016 553 1046 563 sue
1057 547 1098 564 eler-

177 579 233 595 tionis
243 579 297 595 niodo
309 579 390 601 predicto
401 579 467 595 notatis
478 582 495 595 et
505 579 619 601 computatis,

222 611 285 628 Habita
299 614 358 627 autem
369 611 449 627 unanimi
462 611 594 627 deliberatione
607 614 660 633 atque
673 611 770 627 concordia
784 611 864 628 omnium
874 611 892 627 in
903 611 948 628 dicta
959 611 1031 628 nacione
1041 617 1098 634 regen>

176 643 227 663 tium,
239 644 277 660 sive
289 643 362 665 majoris
373 646 391 659 et
401 643 479 659 sanioris
489 643 551 665 partis,
563 643 618 660 debet
627 649 733 665 proponens
743 649 775 665 pro
787 647 868 666 tempore
878 647 939 666 petere
949 650 958 660 a
968 643 1037 660 bedellu
1044 644 1097 666 jurato

177 676 192 692 si
203 676 253 692 sabas
262 675 333 692 habeat⁴
345 675 416 696 Quibus
427 675 500 695 habitis,
509 675 602 698 predictus
613 681 718 698 proponens
728 676 783 692 debet
792 676 874 698 accipere
885 676 907 692 de
917 682 969 693 manu
979 676 1097 698 bedellijurati

177 713 232 724 unuin
248 708 342 730 capucium
361 708 383 724 de
403 707 481 730 simplici
497 713 564 730 panno,
578 713 615 724 non
629 708 736 728 sourratuin=
753 714 812 730 neque
828 714 869 725 cum
890 708 925 725 alio
941 709 1052 725 commixtum
1065 709 1097 725 sive

177 740 303 762 conjunctuin3
315 744 332 757 et
346 740 400 756 debet
410 740 473 756 videre
486 740 590 756 notabiliter
599 746 622 756 ne
632 740 692 762 aliqua
703 740 752 756 fraus
762 740 791 757 vel
802 740 862 760 dolus,
873 740 954 757 versucia
966 740 995 757 vel
1007 741 1097 757 indecentia

177 778 210 795 per
223 773 290 789 dictum
304 773 399 795 capucium
412 772 430 788 in
443 772 489 789 dicta
502 772 592 789 electione
604 773 662 795 possit
678 773 773 789 iuteresse⁴
787 773 827 794 Quo
840 773 893 793 sacto,
904 779 1006 795 proponens
1016 773 1097 795 predictus

177 805 233 822 debet
244 805 346 827 capucium,
357 805 373 821 si
386 805 499 821 conveniens
512 805 542 825 sit,
553 805 624 822 tradere
638 805 656 821 in
670 811 723 821 uianu
737 805 804 822 hedelli
816 805 881 827 jurati;
896 805 1007 827 quiquidem
1017 805 1097 825 bedellus,

177 837 275 860 priusque*
289 837 312 854 ad
325 837 358 854 hec
372 841 389 854 et
401 837 436 854 alia
446 838 525 859 juratus,
542 837 591 854 oruni
607 837 670 854 fraude
684 843 717 854 seu
731 837 773 854 dolo
787 837 870 858 remotis,
882 837 936 854 dehet
946 838 964 854 in
974 838 1020 854 dicto
1032 838 1097 860 capucio

178 875 246 892 ponere
259 873 286 886 tot
298 870 348 886 sabas
362 873 406 892 quot
418 873 461 886 sunt
471 869 553 892 magistri
564 870 582 886 in
593 870 640 886 dicta
650 869 726 886 nacione
739 870 833 886 actualiter
843 873 929 892 regentes
940 870 1048 892 cougregati,
1057 870 1098 886 inter

177 908 222 924 quas
239 903 312 925 quidem
329 902 379 919 sabas
397 902 451 919 dehet
468 907 509 918 esse
527 908 561 919 uua
578 902 636 924 nigra.
652 906 669 919 et
682 908 746 919 omnes
762 902 797 919 alie
812 902 879 919 debent
894 908 935 918 esse
949 902 994 919 albe.
1011 903 1030 919 Et
1047 903 1098 919 dictus

177 934 262 952 bedellus
272 941 305 958 per
313 936 416 957 juramenta
426 934 481 951 debet
492 940 521 951 eas
532 940 595 951 omnes
608 935 664 955 sabas,
676 935 777 952 secundum
787 940 842 957 posse
853 940 912 955 suurn,
922 935 1002 957 accipere
1012 938 1029 951 et
1038 935 1054 951 in
1062 940 1098 957 pre-

178 968 225 984 dicto
239 968 314 989 capucio
330 973 399 990 ponere
413 967 495 989 ejusdem
510 967 642 989 magnitudinis
654 971 673 984 et
684 967 794 989 quantitatis⁴
809 967 849 988 Quo
861 967 914 987 facto,
926 967 1015 989 predictus
1024 967 1098 984 bedellus

178 999 231 1016 debet
247 1000 322 1016 tendere
337 1003 355 1017 et
368 1000 462 1022 porrigere
477 999 526 1016 dicto
540 1000 650 1022 proponenti
663 1000 764 1022 capucium,
777 999 824 1016 sabis
837 1000 854 1016 iu
867 1005 888 1016 eo
899 1000 997 1016 secundum
1007 1000 1074 1016 modum
1083 1003 1098 1016 et

177 1032 252 1048 formam
270 1032 362 1054 predictos
379 1032 498 1052 exeuntibus;
520 1035 538 1048 et
555 1032 648 1054 predictus
665 1038 770 1054 proponens
787 1032 842 1049 dehet
858 1032 951 1054 capucium
968 1038 1000 1054 per
1016 1035 1097 1048 cornetum

177 1069 249 1086 capere,
259 1067 277 1080 et
287 1063 332 1080 illud
342 1064 413 1081 fortiter
424 1068 490 1084 catere,
501 1069 572 1081 omnem
583 1064 664 1081 fraudem
676 1070 708 1087 pro
719 1070 774 1087 posse
784 1070 817 1081 suo
828 1064 945 1081 removendo,
959 1065 980 1081 Et
991 1056 1062 1086 prupssr
1069 1058 1098 1081 line

177 1096 271 1118 predictus
285 1101 391 1118 proponens
404 1096 492 1118 precipiat
504 1099 523 1112 et
534 1096 582 1113 dicat
596 1096 669 1113 bedello
684 1097 751 1119 jurato,
767 1096 816 1118 quod
832 1096 889 1113 tradat
902 1096 967 1118 cuique
981 1096 1097 1118 magistrorum

178 1132 252 1150 propter
261 1128 296 1145 hoc
306 1128 332 1144 ibi
341 1131 501 1150 congregatorum,
513 1131 566 1150 prout
576 1128 657 1151 predicto
668 1129 778 1151 proponenti
788 1128 881 1151 placuerit(
893 1129 915 1145 Et
925 1129 1015 1151 predictus
1023 1128 1098 1145 bedellus

177 1161 193 1177 ei
204 1161 233 1177 cui
244 1161 326 1183 precepit
336 1160 391 1177 debet
400 1160 471 1177 tradere
482 1160 504 1177 ad
514 1160 630 1181 trahenduxm
642 1164 659 1177 et
669 1160 700 1177 ille
710 1161 740 1177 cui
750 1161 845 1178 tradiderit
855 1167 907 1177 manu
918 1161 965 1177 nuda
975 1161 1014 1177 sine
1022 1161 1098 1181 ciroteca,

177 1193 232 1209 debet
246 1198 299 1209 unam
314 1192 371 1209 solam
388 1198 460 1209 manum
475 1193 494 1209 in
507 1193 582 1215 capucio
597 1198 673 1215 ponere,
687 1196 705 1209 et
718 1199 771 1209 unam
784 1193 843 1210 solum
855 1193 943 1214 fabarum,
953 1193 1048 1210 secundum
1057 1193 1098 1210 velle

177 1231 237 1245 suum,
254 1228 304 1241 extra
321 1225 416 1247 capucium
435 1224 513 1244 trahere,
536 1231 572 1241 non
588 1225 607 1241 in
624 1225 673 1242 dicto
690 1225 765 1247 capucio
784 1225 907 1248 respiciendo,
924 1231 957 1242 nec
974 1225 1039 1247 aliquid
1056 1226 1099 1243 intus

177 1257 270 1279 ponendo,
283 1257 312 1274 vel
325 1257 393 1279 aliquid
406 1257 496 1277 faciendo,
510 1263 542 1279 per
552 1257 675 1279 juramentum
688 1263 747 1277 suum,
759 1263 791 1279 per
801 1258 849 1280 quod
862 1258 911 1274 fraus
921 1258 950 1274 vel
959 1258 1011 1274 dolus
1021 1258 1075 1280 possit
1082 1258 1099 1274 in

177 1290 230 1306 modo
246 1290 327 1313 eligendi
342 1290 438 1307 interesse⁴
455 1290 494 1311 Quo
510 1289 532 1306 ab
545 1295 566 1306 eo
580 1290 633 1310 sacto,
645 1290 723 1312 quilibet
737 1290 813 1306 aliorum
828 1291 933 1308 successive
946 1294 963 1307 et
976 1295 1099 1313 consequenter

178 1325 219 1344 post
229 1328 277 1343 oum,
288 1322 389 1339 secundum
400 1322 473 1339 modum
484 1325 502 1338 et
511 1322 586 1338 sori-narn
597 1322 697 1344 predictos,
708 1322 763 1338 dehet
772 1328 826 1339 unam
837 1323 896 1339 solum
905 1323 985 1340 fabarum
995 1326 1041 1340 extra
1050 1329 1098 1345 eapu-
