1273 1538
180 68 228 86 1287]
377 73 401 84 ΑΒ
418 73 470 84 imno
487 72 604 84 mcci-xxxvi
621 72 688 87 usque
705 73 729 84 an
746 73 816 84 aunum
833 73 904 84 necor..
1088 69 1108 85 13

180 131 234 149 543.
247 134 329 148 sumamus
337 134 452 151 Matisconemis,
461 134 538 152 episcopus
545 133 650 151 Amitanensfs,
660 134 711 147 scribit
717 134 759 147 Petro
767 133 876 152 archiepiscopo
883 134 949 147 nemausa
958 134 976 147 aa
985 134 1108 152 disputationibus

223 163 252 171 cum
260 158 330 175 fratribus
337 157 465 171 praedicaturam
472 159 486 170 e!
494 157 574 170 Minoribus
580 159 650 175 qnantum
657 156 678 170 ad
684 157 773 176 privilegium
781 157 796 170 in
803 158 836 174 som
842 158 940 175 poenitentiae
947 158 968 171 eis
975 157 1029 171 datam.

852 201 885 214 dnm
893 201 931 214 12⁵7.

223 238 246 254 Ea
254 243 289 260 que
298 241 336 255 acta
344 240 387 254 sunt
393 237 474 254 Parisius
482 240 524 260 post
533 243 625 254 recessum
634 241 717 254 nostrum
725 237 743 254 in
751 237 830 261 negocio
839 237 872 254 Dei
880 240 897 254 et
905 237 1014 254 universalis
1022 237 1107 258 ecclesie,

179 270 227 293 quod
237 270 325 287 Dominus
338 270 451 293 temporibus
463 270 531 287 nostris
544 271 644 287 reservavit
655 271 784 287 declarandum
795 276 851 293 super
861 274 950 293 potestate
960 270 1043 288 clavium.
1055 276 1107 293 quam

179 303 242 319 fratres
251 303 332 320 Minores
341 306 360 319 et
368 302 494 319 Predicatores
504 302 560 325 longo
571 306 652 326 tempore
661 303 715 320 furati
725 303 797 320 fuerant
807 303 825 320 in
835 309 890 326 grave
900 303 1001 326 periculum
1009 303 1108 320 animarum

179 338 283 357 potestatem
300 335 385 358 paulatim
402 335 420 351 in
437 335 515 351 ecclesia
532 335 646 357 siu-rependo
665 335 782 352 intendentes
803 336 907 358 acquirere,
924 336 1026 358 paternitati
1047 339 1108 352 vestre

179 367 253 390 dignum
265 367 349 384 duximus
359 367 471 390 exponenda,
481 368 501 384 ln
512 368 575 390 primis
588 368 694 390 congregati
706 368 780 384 fuerunt
791 368 872 384 Parisius
884 368 966 390 magistri
979 368 998 385 in
1010 368 1108 391 theologia7

179 400 225 416 inter
238 406 283 422 quos
295 400 368 416 suerunt
380 400 444 416 fratres
457 400 540 422 magistri
550 400 568 417 in
578 400 647 423 capella
657 401 739 423 episcopi
749 401 865 421 Parisiensis,
876 406 885 417 a
895 400 962 423 quibus
972 401 1064 423 quesitum
1075 401 1109 417 fuit

179 432 227 454 qnod
238 432 285 448 illam
300 432 404 455 generalem
419 432 563 455 propositionem
578 438 631 454 quum
646 433 720 455 quidum
735 433 817 455 magistri
829 433 848 449 in
862 433 952 455 theologia
967 433 1107 455 sigillaverant',

178 464 262 481 videlicet
273 465 321 486 quod
333 464 392 481 omnis
404 464 494 481 contritus
505 468 522 481 et
534 465 630 481 consessus
640 468 658 481 et
667 464 763 482 absolutus
772 464 794 481 ab
805 470 834 485 eo,
845 465 875 487 qui
886 468 945 487 potest
955 471 996 482 euin
1006 465 1108 486 absolvere,

179 503 214 513 non
227 500 297 514 tenetur
307 497 369 513 eadem
380 500 452 519 peccata
462 503 539 514 numero
553 497 617 514 iterato
630 497 720 518 confiteri,
731 497 785 513 uobis
795 500 908 519 exponerent
918 500 936 514 et
945 500 1004 514 ulrum
1014 498 1108 514 veritatem

178 529 264 546 haberent
273 529 291 545 in
301 529 350 546 omni
359 535 402 546 casu
412 535 416 545 z
425 529 455 551 qui
466 535 530 546 omnes
540 529 649 546 unanimiter
660 529 795 552 responderunt
806 530 854 552 quod
865 530 888 546 de
896 535 916 546 se
925 530 1019 546 veritatem
1026 529 1108 550 haberet,

178 561 221 578 fallit
236 565 293 578 tamen
306 562 325 578 in
338 561 411 578 casibus
421 565 439 578 et
453 562 557 584 specialiter
571 562 589 578 in
604 562 640 578 isto
654 568 696 578 cusu
710 562 733 578 de
747 568 783 584 quo
798 562 858 584 agitur
872 562 938 578 virtute
952 562 1044 584 privilegii
1059 562 1108 584 quod

177 594 239 617 incipit
253 599 257 610 t
270 594 301 611 Ad
310 594 387 617 fructus
403 594 481 615 uberes¹,
499 597 517 611 et
536 594 607 614 illimet,
625 594 656 616 qui
675 594 809 617 sigillaverunt,
824 594 910 611 videlicet
927 595 1031 617 prepositus
1049 594 1108 611 Sancti

176 626 290 647 Antio-nari&
299 626 322 643 de
332 632 368 649 quo
379 626 472 649 provisum
483 629 511 643 est
521 626 599 643 ecclesie
609 626 731 647 Nerhoneu'si,
741 630 759 643 et
768 627 856 649 magister
866 626 964 643 Nicholaus
974 626 997 643 de
1007 626 1107 647 Torculari,

176 662 193 675 et
204 659 257 675 frater
269 659 370 681 Gregorius
384 659 406 675 de
420 658 471 675 Valle
485 658 593 680 Scohrium,
607 659 637 681 qui
652 665 690 675 non
703 658 798 681 sigillavit,
813 659 845 675 sed
860 659 911 675 dedit
926 659 1012 675 fratribus
1027 659 1108 681 sigillum

176 697 227 708 suum
237 694 256 707 ut
265 691 367 713 sigillarent
379 691 423 713 quid
433 691 508 711 vclleut⁷
519 691 604 708 dixerunt
616 691 665 713 quod
676 697 698 707 ex
710 691 740 707 illa
754 691 836 713 generali
846 691 972 713 propositione
989 697 1026 708 non
1039 694 1109 714 poterat

175 723 236 740 inferri
248 723 341 740 conclusio
354 729 407 746 quain
421 723 486 740 fratres
499 723 625 744 intendebant,
634 723 722 740 videlicet
731 723 780 745 quod
789 724 870 740 confessi
880 723 967 740 fratribus
977 724 1043 740 virtute
1054 724 1109 746 privi-

175 756 218 779 legii
234 756 262 772 sui
279 761 315 773 non
333 759 438 773 tenerentur
453 755 515 772 eadem
534 759 606 778 peccata
620 761 696 773 numero
711 755 794 773 confiteri
810 756 890 778 propriis
907 755 1041 777 sacerdotibus„
1058 759 1076 773 et
1093 756 1108 772 si

175 789 270 805 scivissent
280 789 402 811 privilegium„
413 794 506 811 nunquam
516 788 565 805 illam
575 788 721 811 propositionem
731 789 755 805 ita
765 788 822 805 crude
833 788 951 811 sigillassent.
961 789 1050 811 Requisiti
1060 789 1109 811 quod

175 821 197 837 de
207 821 240 838 hoc
250 821 303 838 nohis
313 821 390 838 litteram
401 826 451 837 suam
462 821 533 841 darent,
542 820 642 837 deliberato
652 821 730 837 consilio
740 821 826 837 dixerunt
836 821 885 843 quod
895 821 917 837 ad
927 827 1004 843 presens
1015 827 1051 837 non
1061 821 1109 837 sace-

175 856 222 873 rent,
239 853 275 870 nisi
290 853 341 876 prius
359 853 482 869 deliberarent
499 859 539 869 cum
556 853 597 869 aliis
614 853 644 875 qui
662 853 794 875 sigillaverunt,
812 853 845 869 sed
862 853 931 870 litteras
948 859 990 870 suas
1007 853 1071 870 darent
1087 853 1109 869 ad

175 885 266 902 dominum
278 891 341 908 papam
354 885 479 908 supplicantes
492 888 511 901 ut
523 885 572 901 illam
582 885 660 902 litteram
671 885 772 902 declararet
781 888 800 902 et
812 885 894 902 obviaret
904 888 952 902 tanto
965 885 1046 908 periculo
1059 885 1108 908 quod

174 921 242 940 poterat
253 918 359 940 contingere
370 923 392 934 ex
401 909 519 934 dissensione
533 918 642 940 prelatorum
652 924 693 934 cum
706 918 801 937 frutribus,
812 918 888 934 maxime
903 924 943 934 cuni
957 918 1013 940 aliqui
1027 918 1107 940 magistri

173 950 191 966 in
202 950 301 973 theologica
311 950 394 967 facultate
405 949 480 972 prelatis
490 950 508 966 in
521 949 553 966 hac
564 953 614 972 parte
627 949 721 967 adherent.
732 951 782 966 Hanc
792 950 870 966 litteram
881 950 923 966 dare
934 950 1064 972 promiserunt,
1075 950 1108 966 sed

172 982 251 999 nondum
261 982 356 999 dederunt*
365 983 507 1005 Veruinptaiuen
518 988 582 999 omnes
592 982 678 999 doctores
688 982 719 1004 qui
729 982 764 999 lioc
774 988 822 998 anuo
832 982 971 1005 disputaverunt
980 982 1003 999 de
1013 982 1106 1004 Quolibet,

172 1014 237 1037 quihus
250 1015 294 1031 faeta
308 1018 335 1031 est
348 1015 382 1031 ista
396 1014 475 1037 questio,
491 1015 576 1031 videlicet
591 1015 678 1037 magister
693 1015 783 1031 Henricus
799 1015 821 1031 de
835 1015 929 1035 Gandavo,
944 1015 1031 1037 magister
1044 1015 1105 1032 Gode-

170 1047 228 1063 i'ridus
243 1047 266 1063 de
283 1047 367 1068 Leodio‘,
385 1047 472 1069 magister
489 1047 607 1067 Gervasius‘,
624 1047 723 1064 canonicus
740 1047 809 1063 Montis
824 1047 883 1064 Sancti
903 1047 964 1070 Eligii,
983 1051 1001 1064 et
1018 1048 1104 1070 magister

170 1079 265 1096 Nicholaus
279 1079 301 1096 de
316 1079 410 1096 Pressorio
421 1085 453 1102 pro
468 1079 522 1096 nobis
535 1080 702 1096 determinaverunt
714 1080 763 1102 quod
776 1080 804 1096 eis
814 1079 922 1096 confitentes
932 1080 998 1096 virtute
1011 1080 1103 1102 privilegii

170 1114 253 1128 tenentur
266 1111 328 1128 eadem
343 1115 415 1134 peccata
431 1117 507 1128 munero
522 1112 561 1128 suis
576 1112 703 1128 sacerdotibus
721 1112 800 1134 propriis
816 1112 881 1129 iterato
899 1112 988 1129 confiteri⁴
1005 1112 1102 1129 Credimus

169 1144 217 1165 quod
230 1143 275 1160 hanc
290 1149 340 1160 suam
353 1144 523 1160 determinationem
539 1144 607 1161 dabunt
622 1144 676 1161 nobis
691 1144 725 1160 suh
736 1144 804 1166 sigillis
814 1145 862 1165 suis3
873 1144 938 1161 fratres
948 1144 1073 1161 predicatores
1084 1148 1101 1161 et

169 1175 248 1192 Minores
258 1176 309 1192 istam
320 1176 441 1198 questionem,
453 1176 496 1192 licet
505 1176 533 1192 eis
542 1176 588 1193 sacta
598 1176 659 1197 suerit,
670 1176 752 1199 recipere
763 1176 868 1193 noluerunt.

212 1208 328 1225 Postmodum
339 1208 368 1225 die
379 1208 469 1225 dominica
479 1211 520 1225 ante
531 1208 602 1225 Natale'
613 1212 699 1231 presente
709 1209 783 1225 domino
797 1208 935 1231 archiepiscopo
948 1212 966 1225 et
978 1209 1070 1231 magistris
1083 1209 1101 1225 in

169 1239 258 1262 theologia
269 1240 402 1262 predicavimus
412 1240 460 1263 apud
473 1241 558 1257 Sanctum
569 1241 689 1262 Bernarduin,
700 1244 718 1257 et
727 1240 752 1257 ibi
763 1241 797 1257 suit
807 1246 895 1257 numerus
905 1241 987 1258 infinitus
997 1241 1100 1262 scolarium,

169 1275 187 1288 et
199 1271 224 1288 ibi
237 1272 354 1295 exposuimus
368 1272 464 1296 privilegia
476 1272 582 1296 diligenter.
600 1273 640 1294 Quo
651 1273 713 1290 audito
726 1272 808 1290 scolares
822 1273 916 1296 pecierunt
929 1279 963 1290 una
974 1279 1019 1290 voce
1031 1273 1100 1296 copiam

170 1304 314 1327 privilegiorum;
325 1308 343 1322 et
355 1305 471 1328 postmodum
481 1305 585 1322 habuerunt
594 1305 646 1321 multi
658 1308 677 1321 et
687 1305 748 1327 magni
760 1309 778 1322 et
788 1306 865 1322 maxime
875 1306 987 1322 diversarum
998 1305 1101 1327 nacionum,
