1273 1538
181 80 229 98 1286]
380 86 401 96 n
418 85 470 96 imno
488 85 605 96 nnnnxxxvi
622 85 688 99 usqne
705 86 730 97 An
746 86 816 97 Annuit
833 86 905 98 monci..
1099 81 1110 97 9

179 121 260 144 singulas
273 121 361 143 dyoceses
374 124 392 137 et
404 120 531 137 consessiones
541 120 656 140 audiverunt,
667 120 749 137 dicentes
759 126 815 143 super
824 121 859 138 hoc
869 121 970 144 privilegiis
983 121 1077 144 papalibus
1089 127 1109 138 se

179 153 257 170 munitos
272 159 276 169 :
291 153 375 170 venimus
392 153 413 169 ad
430 158 463 169 vos
480 153 510 175 qni
528 156 623 175 presentes
640 158 704 169 sumus
721 156 739 169 et
754 152 842 169 habemus
857 153 926 170 litteras
943 153 965 169 de
983 153 1108 170 ratihabitione

179 185 257 202 omnium
271 186 397 208 episcoporum
411 185 463 207 regni
477 185 552 201 Fruncie
565 185 587 201 ad
600 185 749 207 conquerendum
763 185 816 201 vobis
828 185 851 202 de
863 188 910 202 tanta
920 185 994 201 fratrum
1005 185 1107 206 insolentia=

179 218 219 241 quia
229 218 278 240 quod
291 224 324 234 nos
338 223 408 238 sumus,
419 223 452 234 vos
465 217 524 238 eritis,
534 217 589 234 credo
603 217 650 234 enim
664 218 714 240 quod
727 223 764 234 non
776 217 801 234 sit
811 217 866 234 hodie
879 217 959 240 prelatus
969 218 1016 234 inter
1026 223 1066 238 nos,
1077 218 1108 240 qui

179 251 200 267 de
214 250 246 267 hac
261 250 391 267 Universiune⁷
406 255 442 266 non
458 250 482 267 sit
496 245 617 272 assu-fimi?
624 250 735 273 Rogavimus
750 242 832 273 preterea
848 252 865 267 et
882 250 942 273 rugari
959 250 1035 267 fecimus
1049 250 1108 267 dictos

178 277 241 300 fiistres
254 286 274 299 ut
286 283 332 300 dicta
346 283 441 305 privilegia
455 283 547 299 mitterent
559 282 581 299 ad
595 282 657 299 sedem
671 283 788 305 aposcolicam
801 289 810 299 a
825 283 898 299 domino
909 289 953 306 papa
963 283 1042 299 lucidius
1052 283 1108 299 inter-

178 316 272 339 pretanda,
286 315 335 338 quod
348 315 432 332 similiter
445 315 504 332 facere
518 318 623 332 renuerunt.
635 316 658 332 Ut
672 321 716 338 ergo
729 315 831 332 discutiatis
844 319 863 332 et
874 316 951 332 videatis
964 316 1007 338 quid
1018 315 1066 338 juris
1080 316 1107 332 eis

178 354 283 365 concessum
294 348 317 365 sit
329 354 351 364 ex
361 347 407 370 ipsis
417 347 526 370 privilegiis,
537 347 651 364 decrevimus
664 347 717 364 vobis
731 347 803 370 publice
815 348 859 370 lefflss
870 349 892 364 Et
905 348 964 365 statim
978 348 1051 371 quidam
1063 348 1108 365 alter

178 386 255 403 surgens
268 380 287 396 in
300 380 373 403 publico
387 373 464 396 amlione
477 380 522 402 lcffl't
534 380 637 403 privilegia,
647 384 666 397 et
675 384 738 402 postea
750 380 795 403 legit
804 380 953 397 constitutionem
963 380 1064 398 lnnocentii
1075 381 1107 401 111,

178 419 212 436 que
226 413 261 429 hiis
275 413 389 433 contradicit,
404 416 424 429 ut
438 412 462 429 ihi
478 416 572 429 ostensum
586 413 626 433 fuit,
642 416 660 429 et
676 413 698 429 ad
715 418 768 435 quam
783 416 879 435 utrumque
894 413 1010 436 privilegium
1026 413 1107 434 remittit,

177 449 237 468 utpote
247 445 273 462 illi
283 445 409 462 constitutioni
419 445 518 468 derogans.
529 446 565 462 Hec
578 445 685 462 constitutio
695 445 772 461 habetur
781 445 800 461 in
809 451 821 462 v
831 445 952 462 Decretaliuni
962 448 981 462 et
990 446 1053 468 incipit
1064 446 1091 462 sic
1102 452 1106 462 z

176 478 237 495 Omnis
246 478 338 500 utriusque
346 483 405 494 sexus.

219 510 251 527 His
263 510 315 527 lectis
329 510 407 527 surrexit
422 510 521 533 episcopus
535 510 674 527 Ambianensis⁸
687 510 775 527 maximus
786 510 853 533 jurista
866 514 884 527 et
899 510 922 527 de
936 510 1012 527 articulo
1028 511 1050 527 ud
1064 511 1106 527 arti<

176 543 234 560 culum
247 548 323 559 currens
335 542 444 559 ostendebant
456 542 526 565 liquide
540 548 572 565 per
583 543 623 565 jura
636 548 669 565 per
681 542 740 559 omnia
753 542 835 565 predicte
847 543 972 559 constitutioni
983 543 1001 559 in
1014 542 1064 559 nullo
1074 549 1107 566 per

176 575 254 598 predicta
270 575 366 598 privilegia
383 575 496 597 derogatum,
514 581 548 592 nec
564 575 620 592 licere
637 575 724 592 fratribus
740 575 867 592 confessiones
884 575 947 592 audire
963 578 982 592 et
998 576 1106 598 penitentias

176 608 270 630 injungere
284 608 323 624 sine
337 608 464 630 episcoporum
481 611 499 624 et
512 607 673 630 parrochianorum
688 608 726 624 sive
741 607 860 630 plebanorum
875 608 947 624 licentia
960 608 1041 630 speciali„
1055 608 1106 624 nullo

175 641 248 657 fratrum
261 640 279 656 in
293 640 346 657 unico
360 640 416 657 verbo
429 640 571 657 contradicente*
583 640 659 663 Rogavit
669 646 714 662 ergo
724 640 810 657 dominus
820 640 918 663 episcopus
930 640 1076 661 Universitatem,
1087 644 1107 657 ut

175 673 201 690 eis
214 673 232 689 in
245 673 279 689 hoc
289 679 331 689 casu
341 673 428 690 assistere
438 673 551 695 dignaretur,
562 673 603 695 quia
616 673 650 695 ipsi
664 673 740 689 firmiter
751 679 816 690 omnes
828 677 846 690 et
858 673 966 690 unanimiter
978 673 1107 690 diffinivisseut

175 711 231 728 usque
241 705 263 722 ad
273 706 381 728 sanguinem
392 705 422 722 tali
432 705 499 727 injurie
510 705 590 722 obviare.
602 706 638 722 Hec
648 706 693 722 facta
703 706 777 722 suerunt
787 705 817 722 die
827 705 903 722 sabbati,

217 738 303 760 Sequenti
315 738 351 759 die,
362 737 462 754 doiniuica'
472 737 549 758 scilicet,
560 743 608 755 unns
620 738 642 754 de
655 738 725 755 Ordine
736 738 827 755 Minorum
837 738 884 761 apud
897 738 962 754 fratres
972 739 1051 760 Major-es
1063 738 1106 755 fecit

174 776 281 791 sermonem,
290 771 338 793 quod
349 771 406 793 prius,
416 773 435 787 ut
445 770 507 791 credo,
516 771 575 787 visum
585 776 622 787 non
633 774 667 791 est,
676 774 694 787 et
704 771 767 793 paucis
776 771 838 787 verbis
849 771 915 787 liniens
924 776 1027 787 sermonem
1038 771 1106 793 incepit

172 803 221 825 loqui
236 803 258 819 de
271 803 345 820 materia
361 803 473 825 supradicta,
487 806 505 819 ct
519 803 610 825 replicans
624 803 709 825 singulos
724 803 817 824 articulos,
833 806 888 826 prout
904 806 974 826 poterat
986 803 1058 824 melius,
1071 809 1104 826 pro

172 835 234 852 ordine
254 835 361 858 exponebat,
374 835 468 857 adjiciens.
483 835 531 858 quod
546 835 560 852 si
574 835 677 852 voluissent
691 835 745 852 dietis
760 835 862 858 privilegiis
877 836 911 856 uti,
925 835 979 852 latius
993 836 1102 858 potuissent.

172 868 245 885 Dicebat
256 868 309 884 etiam
324 868 372 890 quod
386 873 427 884 cum
442 868 523 890 predicta
538 867 632 890 privilegiu
647 868 772 890 impetrarent,
787 868 848 885 dictus
861 868 990 885 Ambianensis
1005 868 1102 891 episcopus

171 906 246 922 presens
261 900 341 917 existens
355 900 398 917 totis
410 900 481 917 viribus
495 900 606 917 resistebat:
619 900 675 917 inimo
689 906 752 917 ornnes
765 900 830 923 prelati
844 900 918 917 nuntios
930 901 953 917 ad
966 901 1034 917 curiam
1048 901 1102 917 inise-

171 936 217 953 runt,
232 936 250 949 et
265 933 339 949 minime
356 936 493 955 processerunt,
508 933 549 955 quin
567 932 609 949 dum
626 939 672 955 pape
690 933 725 955 ipsi
741 933 806 950 fratres
821 933 894 949 modum
909 933 978 953 utendi,
994 939 1030 955 quo
1044 939 1102 955 usque

169 965 239 981 fuerant
251 965 304 982 dietis
316 965 419 988 privilegiis
431 965 480 985 [usi]‚
493 969 612 987 exponerent,
625 971 671 988 papa
684 965 779 988 respondit
790 971 794 981 z
805 965 871 982 Placet.
882 965 951 982 Volunt
962 968 1029 986 autern,
1041 965 1072 986 ait,
1084 969 1103 982 et

170 997 243 1020 exigunt
252 997 317 1014 iterum
328 997 393 1019 prelati
402 1003 411 1013 a
422 997 476 1014 nobis
487 1000 506 1013 ut
515 997 607 1014 mittamus
617 997 713 1020 privilegia
722 1000 783 1014 nostra
793 997 815 1014 ad
826 997 893 1013 curiam
902 997 924 1013 ad
932 997 1087 1019 interpretandum
1097 1003 1101 1014 :

169 1029 217 1052 quod
229 1030 297 1046 fatuum
310 1030 365 1046 nimis
378 1033 434 1050 esset,
444 1030 486 1052 quia
500 1030 526 1046 sie
541 1029 626 1046 daremus
639 1029 700 1046 locum
714 1033 731 1046 et
744 1029 859 1046 occasionem
872 1030 982 1046 revocationi
995 1029 1049 1046 nobis
1061 1030 1102 1046 date

170 1062 281 1084 [potestatisffl
292 1062 376 1078 Preterea
389 1065 452 1078 noster
463 1062 548 1078 minister
560 1062 631 1078 noviter
643 1061 711 1083 obiit¹⁰;
725 1062 832 1084 magistrum
842 1067 916 1084 quoque
928 1062 1003 1079 Ordinis
1013 1063 1102 1085 Majorum

169 1098 271 1116 presentem
281 1100 318 1111 non
327 1094 428 1111 habemus¹¹
438 1099 442 1110 :
452 1094 500 1111 unde
509 1100 546 1111 non
554 1094 644 1111 immerito
652 1094 675 1111 de
684 1098 719 1111 tam
728 1094 785 1111 arduo
792 1095 840 1111 sacto
848 1100 881 1117 pro
890 1098 927 1111 toto
938 1094 1007 1111 Ordine
1017 1095 1057 1112 sine
1066 1095 1102 1112 illis

170 1132 204 1143 nos
214 1127 333 1143 intromittere
343 1132 380 1143 non
390 1126 485 1143 audemus.
494 1127 587 1149 Rogamus
597 1132 642 1149 ergo
652 1133 686 1144 vos
697 1130 716 1143 ut
726 1133 760 1144 nos
769 1131 866 1144 excusatos
876 1126 958 1144 habeatis
968 1130 986 1144 et
996 1131 1030 1144 tam
1038 1127 1103 1144 leviter

169 1159 264 1176 adversum
281 1165 315 1175 nos
333 1165 370 1175 non
387 1159 502 1180 moveamini,
517 1159 558 1181 quia
576 1165 690 1182 nequaquam
703 1159 832 1176 Universitatis
846 1159 901 1176 vilius
918 1159 1019 1176 membrum
1032 1165 1102 1176 sumus

212 1191 299 1213 Sequenti
311 1191 341 1208 die
354 1191 442 1214 agebatur
454 1191 522 1208 festum
535 1191 667 1214 Conceptionis
680 1191 733 1208 beate
748 1191 820 1208 Marie¹²
833 1191 880 1214 apud
895 1192 960 1208 fratres
974 1192 1055 1208 Minores
1068 1197 1072 1208 z
1085 1195 1103 1208 et

168 1229 209 1240 ecce
223 1229 270 1240 unus
283 1224 373 1246 Majorum
385 1224 454 1240 faciens
466 1229 577 1244 sermonem,
587 1224 610 1240 ad
622 1224 701 1240 eundem
714 1224 775 1244 finem=
788 1227 808 1240 ut
818 1224 875 1240 dicam
888 1224 975 1244 breviter,
985 1224 1102 1246 perducebat.

169 1256 190 1272 Et
199 1256 254 1272 eredo
264 1255 289 1272 ibi
300 1256 372 1278 impleta
385 1259 414 1272 est
423 1256 513 1278 scriptura
526 1261 561 1278 que
571 1256 615 1272 dicit
626 1261 630 1272 ε
641 1256 690 1273 Facti
703 1259 746 1272 sunt
755 1256 808 1272 amici
819 1256 901 1273 Herodes
912 1259 930 1273 et
939 1256 1007 1272 Pilatus
1016 1256 1055 1278 ipsa
1066 1256 1102 1272 die.

211 1289 296 1306 Ceterum
310 1289 330 1305 in
343 1289 406 1312 vigilia
421 1289 468 1305 beati
486 1289 555 1305 Thorne
571 1289 637 1305 iterum
654 1289 718 1311 prelati
735 1289 847 1311 preconizari
861 1289 945 1305 fecerunt
957 1294 991 1311 per
1007 1288 1074 1309 scolas,
1084 1291 1104 1305 ut

169 1327 231 1338 ornnes
241 1321 338 1342 dominica,
349 1321 401 1338 tertia
413 1322 498 1344 sequenti
509 1321 558 1342 dien„
569 1321 614 1337 hora
624 1321 716 1338 sermonis
726 1321 747 1337 ad
759 1322 843 1338 Sanctum
854 1321 967 1338 Bernardurn
977 1321 1102 1337 convenirent.

231 1351 246 1360 ιι
254 1349 303 1362 cnara.
314 1349 353 1361 Uniu.
363 1349 410 1362 Parin.
420 1349 436 1364 ¹¹7
445 1350 455 1361 ι,
1034 1349 1041 1360 ²
