<?xml version="1.0" encoding="UTF-8"?>
<!DOCTYPE html PUBLIC "-//W3C//DTD XHTML 1.0 Transitional//EN"
    "http://www.w3.org/TR/xhtml1/DTD/xhtml1-transitional.dtd">
<html xmlns="http://www.w3.org/1999/xhtml" xml:lang="en" lang="en">
 <head>
  <title>
</title>
<meta http-equiv="Content-Type" content="text/html;charset=utf-8" />
  <meta name='ocr-system' content='tesseract 3.04.00' />
  <meta name='ocr-capabilities' content='ocr_page ocr_carea ocr_par ocr_line ocrx_word'/>
</head>
<body>
  <div class='ocr_page' id='page_1' title='image "./chartulariumuni00mogoog_0396.png"; bbox 0 0 1273 1538; ppageno 0'>
   <div class='ocr_carea' id='block_1_1' title="bbox 187 61 1105 81">
    <p class='ocr_par' dir='ltr' id='par_1_1' title="bbox 187 61 1105 81">
     <span class='ocr_line' id='line_1_1' title="bbox 187 61 1105 81; baseline -0.001 -2"><span class='ocrx_word' id='word_1_1' title='bbox 187 61 229 80; x_wconf 81' lang='lat'>133¹]</span> <span class='ocrx_word' id='word_1_2' title='bbox 376 67 399 78; x_wconf 69' lang='lat' dir='ltr'>AB</span> <span class='ocrx_word' id='word_1_3' title='bbox 416 67 468 78; x_wconf 61' lang='lat' dir='ltr'>anuo</span> <span class='ocrx_word' id='word_1_4' title='bbox 486 67 602 78; x_wconf 67' lang='lat' dir='ltr'>ucctxxxw</span> <span class='ocrx_word' id='word_1_5' title='bbox 619 66 685 81; x_wconf 73' lang='lat' dir='ltr'>usquc</span> <span class='ocrx_word' id='word_1_6' title='bbox 702 68 726 78; x_wconf 63' lang='lat' dir='ltr'>An</span> <span class='ocrx_word' id='word_1_7' title='bbox 742 68 812 78; x_wconf 65' lang='lat' dir='ltr'>Annon</span> <span class='ocrx_word' id='word_1_8' title='bbox 830 67 901 79; x_wconf 74' lang='lat' dir='ltr'>necet..</span> <span class='ocrx_word' id='word_1_9' title='bbox 1072 61 1105 78; x_wconf 77' lang='lat'>36⁹</span> 
     </span>
    </p>
   </div>
   <div class='ocr_carea' id='block_1_2' title="bbox 160 103 1116 1313">
    <p class='ocr_par' dir='ltr' id='par_1_2' title="bbox 182 103 1104 390">
     <span class='ocr_line' id='line_1_2' title="bbox 184 103 1104 126; baseline -0.001 -5"><span class='ocrx_word' id='word_1_10' title='bbox 184 104 285 121; x_wconf 83' lang='lat' dir='ltr'>constitutus</span> <span class='ocrx_word' id='word_1_11' title='bbox 295 104 384 121; x_wconf 78' lang='lat' dir='ltr'>discretus</span> <span class='ocrx_word' id='word_1_12' title='bbox 396 103 423 120; x_wconf 91' lang='lat' dir='ltr'>vir</span> <span class='ocrx_word' id='word_1_13' title='bbox 433 104 519 126; x_wconf 78' lang='lat' dir='ltr'>magister</span> <span class='ocrx_word' id='word_1_14' title='bbox 529 103 640 126; x_wconf 73' lang='lat' dir='ltr'>Reginaldus</span> <span class='ocrx_word' id='word_1_15' title='bbox 651 103 673 120; x_wconf 92' lang='lat' dir='ltr'>de</span> <span class='ocrx_word' id='word_1_16' title='bbox 684 103 800 124; x_wconf 74' lang='lat' dir='ltr'>Corneinare,</span> <span class='ocrx_word' id='word_1_17' title='bbox 811 104 898 126; x_wconf 81' lang='lat' dir='ltr'>magister</span> <span class='ocrx_word' id='word_1_18' title='bbox 907 104 926 120; x_wconf 84' lang='lat' dir='ltr'>in</span> <span class='ocrx_word' id='word_1_19' title='bbox 936 103 1033 124; x_wconf 86' lang='lat' dir='ltr'>medicina,</span> <span class='ocrx_word' id='word_1_20' title='bbox 1044 103 1104 120; x_wconf 87' lang='lat' dir='ltr'>locum</span> 
     </span>
     <span class='ocr_line' id='line_1_3' title="bbox 184 135 1104 158; baseline -0.002 -4"><span class='ocrx_word' id='word_1_21' title='bbox 184 141 242 154; x_wconf 80' lang='lat' dir='ltr'>tenens</span> <span class='ocrx_word' id='word_1_22' title='bbox 252 137 312 153; x_wconf 81' lang='lat' dir='ltr'>decani</span> <span class='ocrx_word' id='word_1_23' title='bbox 322 136 410 153; x_wconf 70' lang='lat' dir='ltr'>facultatis</span> <span class='ocrx_word' id='word_1_24' title='bbox 421 135 510 152; x_wconf 76' lang='lat' dir='ltr'>medicine</span> <span class='ocrx_word' id='word_1_25' title='bbox 520 135 635 156; x_wconf 79' lang='lat' dir='ltr'>Parisiensis,</span> <span class='ocrx_word' id='word_1_26' title='bbox 644 136 675 158; x_wconf 86' lang='lat' dir='ltr'>qui</span> <span class='ocrx_word' id='word_1_27' title='bbox 683 139 717 152; x_wconf 83' lang='lat' dir='ltr'>tam</span> <span class='ocrx_word' id='word_1_28' title='bbox 726 141 759 152; x_wconf 86' lang='lat' dir='ltr'>suo</span> <span class='ocrx_word' id='word_1_29' title='bbox 769 141 822 158; x_wconf 83' lang='lat' dir='ltr'>quam</span> <span class='ocrx_word' id='word_1_30' title='bbox 833 135 880 152; x_wconf 88' lang='lat' dir='ltr'>dicte</span> <span class='ocrx_word' id='word_1_31' title='bbox 890 135 980 153; x_wconf 83' lang='lat' dir='ltr'>facultatis</span> <span class='ocrx_word' id='word_1_32' title='bbox 989 136 1078 153; x_wconf 83' lang='lat' dir='ltr'>medicine</span> <span class='ocrx_word' id='word_1_33' title='bbox 1086 139 1104 153; x_wconf 96' lang='lat' dir='ltr'>et</span> 
     </span>
     <span class='ocr_line' id='line_1_4' title="bbox 184 168 1103 191; baseline -0.001 -5"><span class='ocrx_word' id='word_1_34' title='bbox 184 169 215 187; x_wconf 84' lang='lat' dir='ltr'>sibi</span> <span class='ocrx_word' id='word_1_35' title='bbox 224 169 345 186; x_wconf 71' lang='lat' dir='ltr'>adherentium</span> <span class='ocrx_word' id='word_1_36' title='bbox 355 168 427 185; x_wconf 87' lang='lat' dir='ltr'>nornine</span> <span class='ocrx_word' id='word_1_37' title='bbox 438 168 489 191; x_wconf 88' lang='lat' dir='ltr'>petiit</span> <span class='ocrx_word' id='word_1_38' title='bbox 498 168 592 191; x_wconf 88' lang='lat' dir='ltr'>apostolos</span> <span class='ocrx_word' id='word_1_39' title='bbox 606 174 646 185; x_wconf 84' lang='lat' dir='ltr'>cum</span> <span class='ocrx_word' id='word_1_40' title='bbox 662 168 749 185; x_wconf 71' lang='lat' dir='ltr'>instancia</span> <span class='ocrx_word' id='word_1_41' title='bbox 764 168 799 185; x_wconf 87' lang='lat' dir='ltr'>sibi</span> <span class='ocrx_word' id='word_1_42' title='bbox 810 168 848 185; x_wconf 74' lang='lat' dir='ltr'>dari</span> <span class='ocrx_word' id='word_1_43' title='bbox 863 174 872 184; x_wconf 88' lang='lat' dir='ltr'>a</span> <span class='ocrx_word' id='word_1_44' title='bbox 882 168 983 185; x_wconf 74' lang='lat' dir='ltr'>venerabili</span> <span class='ocrx_word' id='word_1_45' title='bbox 993 171 1011 185; x_wconf 87' lang='lat' dir='ltr'>et</span> <span class='ocrx_word' id='word_1_46' title='bbox 1024 168 1103 185; x_wconf 80' lang='lat' dir='ltr'>discreto</span> 
     </span>
     <span class='ocr_line' id='line_1_5' title="bbox 184 201 1104 225; baseline -0.001 -6"><span class='ocrx_word' id='word_1_47' title='bbox 184 203 218 220; x_wconf 82' lang='lat' dir='ltr'>viro</span> <span class='ocrx_word' id='word_1_48' title='bbox 227 202 309 225; x_wconf 71' lang='lat' dir='ltr'>magistro</span> <span class='ocrx_word' id='word_1_49' title='bbox 319 201 416 219; x_wconf 86' lang='lat' dir='ltr'>Guillelrno</span> <span class='ocrx_word' id='word_1_50' title='bbox 427 201 449 218; x_wconf 87' lang='lat' dir='ltr'>de</span> <span class='ocrx_word' id='word_1_51' title='bbox 459 201 542 218; x_wconf 86' lang='lat' dir='ltr'>Narbona</span> <span class='ocrx_word' id='word_1_52' title='bbox 556 201 663 218; x_wconf 85' lang='lat' dir='ltr'>cancellario</span> <span class='ocrx_word' id='word_1_53' title='bbox 676 201 754 218; x_wconf 78' lang='lat' dir='ltr'>ecclesie</span> <span class='ocrx_word' id='word_1_54' title='bbox 766 201 875 218; x_wconf 74' lang='lat' dir='ltr'>Parisiensis</span> <span class='ocrx_word' id='word_1_55' title='bbox 888 207 948 218; x_wconf 83' lang='lat' dir='ltr'>corain</span> <span class='ocrx_word' id='word_1_56' title='bbox 961 201 1002 224; x_wconf 84' lang='lat' dir='ltr'>ipso</span> <span class='ocrx_word' id='word_1_57' title='bbox 1014 201 1104 218; x_wconf 70' lang='lat' dir='ltr'>existente</span> 
     </span>
     <span class='ocr_line' id='line_1_6' title="bbox 183 234 1103 258; baseline -0.002 -6"><span class='ocrx_word' id='word_1_58' title='bbox 183 241 233 258; x_wconf 78' lang='lat' dir='ltr'>super</span> <span class='ocrx_word' id='word_1_59' title='bbox 245 234 318 258; x_wconf 83' lang='lat' dir='ltr'>quadam</span> <span class='ocrx_word' id='word_1_60' title='bbox 333 234 453 258; x_wconf 72' lang='lat' dir='ltr'>appellatione</span> <span class='ocrx_word' id='word_1_61' title='bbox 468 240 501 250; x_wconf 84' lang='lat' dir='ltr'>seu</span> <span class='ocrx_word' id='word_1_62' title='bbox 515 234 643 256; x_wconf 83' lang='lat' dir='ltr'>provocatione</span> <span class='ocrx_word' id='word_1_63' title='bbox 656 240 689 257; x_wconf 85' lang='lat' dir='ltr'>per</span> <span class='ocrx_word' id='word_1_64' title='bbox 704 234 772 251; x_wconf 84' lang='lat' dir='ltr'>dictum</span> <span class='ocrx_word' id='word_1_65' title='bbox 791 234 851 250; x_wconf 88' lang='lat' dir='ltr'>locum</span> <span class='ocrx_word' id='word_1_66' title='bbox 869 237 960 251; x_wconf 80' lang='lat' dir='ltr'>tenentem</span> <span class='ocrx_word' id='word_1_67' title='bbox 975 234 1039 251; x_wconf 84' lang='lat' dir='ltr'>decani</span> <span class='ocrx_word' id='word_1_68' title='bbox 1056 234 1103 250; x_wconf 90' lang='lat' dir='ltr'>dicte</span> 
     </span>
     <span class='ocr_line' id='line_1_7' title="bbox 183 267 1102 290; baseline -0.001 -5"><span class='ocrx_word' id='word_1_69' title='bbox 183 268 263 285; x_wconf 71' lang='lat' dir='ltr'>facultatis</span> <span class='ocrx_word' id='word_1_70' title='bbox 273 268 360 284; x_wconf 84' lang='lat' dir='ltr'>medicine</span> <span class='ocrx_word' id='word_1_71' title='bbox 370 267 392 284; x_wconf 85' lang='lat' dir='ltr'>ad</span> <span class='ocrx_word' id='word_1_72' title='bbox 402 267 464 284; x_wconf 81' lang='lat' dir='ltr'>sedem</span> <span class='ocrx_word' id='word_1_73' title='bbox 474 267 591 290; x_wconf 80' lang='lat' dir='ltr'>apostolicam</span> <span class='ocrx_word' id='word_1_74' title='bbox 599 271 661 284; x_wconf 82' lang='lat' dir='ltr'>contra</span> <span class='ocrx_word' id='word_1_75' title='bbox 669 267 735 284; x_wconf 85' lang='lat' dir='ltr'>dictum</span> <span class='ocrx_word' id='word_1_76' title='bbox 745 267 838 284; x_wconf 85' lang='lat' dir='ltr'>dominum</span> <span class='ocrx_word' id='word_1_77' title='bbox 845 267 973 284; x_wconf 78' lang='lat' dir='ltr'>cancellarium</span> <span class='ocrx_word' id='word_1_78' title='bbox 982 267 1102 284; x_wconf 85' lang='lat' dir='ltr'>Parisiensern</span> 
     </span>
     <span class='ocr_line' id='line_1_8' title="bbox 183 300 1103 323; baseline -0.001 -5"><span class='ocrx_word' id='word_1_79' title='bbox 183 305 199 318; x_wconf 89' lang='lat' dir='ltr'>et</span> <span class='ocrx_word' id='word_1_80' title='bbox 209 304 266 318; x_wconf 74' lang='lat' dir='ltr'>contra</span> <span class='ocrx_word' id='word_1_81' title='bbox 281 301 384 323; x_wconf 72' lang='lat' dir='ltr'>magistrum</span> <span class='ocrx_word' id='word_1_82' title='bbox 400 300 514 323; x_wconf 82' lang='lat' dir='ltr'>Alphonsum</span> <span class='ocrx_word' id='word_1_83' title='bbox 525 300 547 317; x_wconf 87' lang='lat' dir='ltr'>de</span> <span class='ocrx_word' id='word_1_84' title='bbox 557 300 660 323; x_wconf 81' lang='lat' dir='ltr'>Portugalia</span> <span class='ocrx_word' id='word_1_85' title='bbox 670 300 700 317; x_wconf 91' lang='lat' dir='ltr'>die</span> <span class='ocrx_word' id='word_1_86' title='bbox 710 307 757 317; x_wconf 80' lang='lat' dir='ltr'>nonu</span> <span class='ocrx_word' id='word_1_87' title='bbox 770 301 839 317; x_wconf 78' lang='lat' dir='ltr'>mensis</span> <span class='ocrx_word' id='word_1_88' title='bbox 853 301 932 318; x_wconf 87' lang='lat' dir='ltr'>Januarii</span> <span class='ocrx_word' id='word_1_89' title='bbox 943 301 1054 323; x_wconf 71' lang='lat' dir='ltr'>interjecta‘,</span> <span class='ocrx_word' id='word_1_90' title='bbox 1068 306 1103 323; x_wconf 86' lang='lat' dir='ltr'>que</span> 
     </span>
     <span class='ocr_line' id='line_1_9' title="bbox 182 333 1103 356; baseline 0 -6"><span class='ocrx_word' id='word_1_91' title='bbox 182 334 277 351; x_wconf 79' lang='lat' dir='ltr'>continetur</span> <span class='ocrx_word' id='word_1_92' title='bbox 289 334 306 350; x_wconf 92' lang='lat' dir='ltr'>in</span> <span class='ocrx_word' id='word_1_93' title='bbox 320 334 397 356; x_wconf 78' lang='lat' dir='ltr'>quodam</span> <span class='ocrx_word' id='word_1_94' title='bbox 410 333 484 356; x_wconf 85' lang='lat' dir='ltr'>publico</span> <span class='ocrx_word' id='word_1_95' title='bbox 498 333 618 350; x_wconf 80' lang='lat' dir='ltr'>instrumento</span> <span class='ocrx_word' id='word_1_96' title='bbox 631 334 685 356; x_wconf 78' lang='lat' dir='ltr'>signo</span> <span class='ocrx_word' id='word_1_97' title='bbox 699 337 717 350; x_wconf 82' lang='lat' dir='ltr'>et</span> <span class='ocrx_word' id='word_1_98' title='bbox 732 333 868 356; x_wconf 74' lang='lat' dir='ltr'>subscriptione</span> <span class='ocrx_word' id='word_1_99' title='bbox 880 334 916 350; x_wconf 84' lang='lat' dir='ltr'>rnei</span> <span class='ocrx_word' id='word_1_100' title='bbox 930 334 1025 351; x_wconf 90' lang='lat' dir='ltr'>Guillelmi</span> <span class='ocrx_word' id='word_1_101' title='bbox 1038 334 1103 350; x_wconf 82' lang='lat' dir='ltr'>notarii</span> 
     </span>
     <span class='ocr_line' id='line_1_10' title="bbox 183 366 868 390; baseline 0 -7"><span class='ocrx_word' id='word_1_102' title='bbox 183 367 243 390; x_wconf 82' lang='lat' dir='ltr'>publici</span> <span class='ocrx_word' id='word_1_103' title='bbox 253 367 360 389; x_wconf 71' lang='lat' dir='ltr'>infrascripti</span> <span class='ocrx_word' id='word_1_104' title='bbox 370 366 442 389; x_wconf 75' lang='lat' dir='ltr'>signato</span> <span class='ocrx_word' id='word_1_105' title='bbox 452 366 474 383; x_wconf 87' lang='lat' dir='ltr'>de</span> <span class='ocrx_word' id='word_1_106' title='bbox 485 366 531 383; x_wconf 84' lang='lat' dir='ltr'>dicta</span> <span class='ocrx_word' id='word_1_107' title='bbox 541 366 571 383; x_wconf 89' lang='lat' dir='ltr'>die</span> <span class='ocrx_word' id='word_1_108' title='bbox 581 372 629 383; x_wconf 82' lang='lat' dir='ltr'>nona</span> <span class='ocrx_word' id='word_1_109' title='bbox 639 372 694 389; x_wconf 86' lang='lat' dir='ltr'>super</span> <span class='ocrx_word' id='word_1_110' title='bbox 702 366 737 383; x_wconf 81' lang='lat' dir='ltr'>hoc</span> <span class='ocrx_word' id='word_1_111' title='bbox 747 367 868 383; x_wconf 71' lang='lat' dir='ltr'>confecto‘....</span> 
     </span>
    </p>

    <p class='ocr_par' dir='ltr' id='par_1_3' title="bbox 179 399 1105 779">
     <span class='ocr_line' id='line_1_11' title="bbox 222 399 1103 422; baseline 0.001 -6"><span class='ocrx_word' id='word_1_112' title='bbox 222 400 283 416; x_wconf 79' lang='lat' dir='ltr'>lterato</span> <span class='ocrx_word' id='word_1_113' title='bbox 297 400 349 416; x_wconf 79' lang='lat' dir='ltr'>etiam</span> <span class='ocrx_word' id='word_1_114' title='bbox 362 399 406 416; x_wconf 79' lang='lat' dir='ltr'>hora</span> <span class='ocrx_word' id='word_1_115' title='bbox 420 399 551 416; x_wconf 73' lang='lat' dir='ltr'>decantationis</span> <span class='ocrx_word' id='word_1_116' title='bbox 565 405 681 422; x_wconf 83' lang='lat' dir='ltr'>vesperarum</span> <span class='ocrx_word' id='word_1_117' title='bbox 695 400 714 416; x_wconf 86' lang='lat' dir='ltr'>in</span> <span class='ocrx_word' id='word_1_118' title='bbox 726 399 803 416; x_wconf 85' lang='lat' dir='ltr'>ccclesia</span> <span class='ocrx_word' id='word_1_119' title='bbox 813 399 919 420; x_wconf 60' lang='lat' dir='ltr'>Parisiensi,</span> <span class='ocrx_word' id='word_1_120' title='bbox 930 406 985 420; x_wconf 72' lang='lat' dir='ltr'>auno,</span> <span class='ocrx_word' id='word_1_121' title='bbox 997 400 1103 421; x_wconf 76' lang='lat' dir='ltr'>indictione,</span> 
     </span>
     <span class='ocr_line' id='line_1_12' title="bbox 182 432 1104 455; baseline 0.001 -6"><span class='ocrx_word' id='word_1_122' title='bbox 182 433 222 453; x_wconf 78' lang='lat' dir='ltr'>die&#39;,</span> <span class='ocrx_word' id='word_1_123' title='bbox 230 438 290 449; x_wconf 79' lang='lat' dir='ltr'>mense</span> <span class='ocrx_word' id='word_1_124' title='bbox 297 436 314 449; x_wconf 78' lang='lat' dir='ltr'>et</span> <span class='ocrx_word' id='word_1_125' title='bbox 321 432 425 455; x_wconf 80' lang='lat' dir='ltr'>pontificatu</span> <span class='ocrx_word' id='word_1_126' title='bbox 436 432 499 449; x_wconf 84' lang='lat' dir='ltr'>ultimo</span> <span class='ocrx_word' id='word_1_127' title='bbox 510 432 570 453; x_wconf 71' lang='lat' dir='ltr'>dictis,</span> <span class='ocrx_word' id='word_1_128' title='bbox 580 432 640 449; x_wconf 84' lang='lat' dir='ltr'>dictus</span> <span class='ocrx_word' id='word_1_129' title='bbox 650 433 736 455; x_wconf 82' lang='lat' dir='ltr'>magister</span> <span class='ocrx_word' id='word_1_130' title='bbox 746 432 858 455; x_wconf 81' lang='lat' dir='ltr'>Reginaldus</span> <span class='ocrx_word' id='word_1_131' title='bbox 867 432 890 449; x_wconf 85' lang='lat' dir='ltr'>ad</span> <span class='ocrx_word' id='word_1_132' title='bbox 900 433 968 449; x_wconf 88' lang='lat' dir='ltr'>dictum</span> <span class='ocrx_word' id='word_1_133' title='bbox 976 433 1104 450; x_wconf 79' lang='lat' dir='ltr'>cancellarium</span> 
     </span>
     <span class='ocr_line' id='line_1_13' title="bbox 182 465 1104 488; baseline 0 -6"><span class='ocrx_word' id='word_1_134' title='bbox 182 465 248 482; x_wconf 84' lang='lat' dir='ltr'>rediens</span> <span class='ocrx_word' id='word_1_135' title='bbox 257 471 311 488; x_wconf 85' lang='lat' dir='ltr'>super</span> <span class='ocrx_word' id='word_1_136' title='bbox 320 465 366 482; x_wconf 83' lang='lat' dir='ltr'>dieta</span> <span class='ocrx_word' id='word_1_137' title='bbox 380 465 501 488; x_wconf 76' lang='lat' dir='ltr'>appellatione</span> <span class='ocrx_word' id='word_1_138' title='bbox 514 471 546 482; x_wconf 85' lang='lat' dir='ltr'>seu</span> <span class='ocrx_word' id='word_1_139' title='bbox 562 465 691 488; x_wconf 84' lang='lat' dir='ltr'>provocatione</span> <span class='ocrx_word' id='word_1_140' title='bbox 704 471 764 482; x_wconf 85' lang='lat' dir='ltr'>coram</span> <span class='ocrx_word' id='word_1_141' title='bbox 779 471 808 482; x_wconf 90' lang='lat' dir='ltr'>me</span> <span class='ocrx_word' id='word_1_142' title='bbox 822 465 892 482; x_wconf 81' lang='lat' dir='ltr'>notario</span> <span class='ocrx_word' id='word_1_143' title='bbox 906 465 980 488; x_wconf 87' lang='lat' dir='ltr'>publico</span> <span class='ocrx_word' id='word_1_144' title='bbox 995 469 1014 482; x_wconf 90' lang='lat' dir='ltr'>et</span> <span class='ocrx_word' id='word_1_145' title='bbox 1027 466 1104 483; x_wconf 83' lang='lat' dir='ltr'>testibus</span> 
     </span>
     <span class='ocr_line' id='line_1_14' title="bbox 182 498 1104 521; baseline 0 -6"><span class='ocrx_word' id='word_1_146' title='bbox 182 498 292 521; x_wconf 72' lang='lat' dir='ltr'>infrascriptis</span> <span class='ocrx_word' id='word_1_147' title='bbox 305 498 362 521; x_wconf 84' lang='lat' dir='ltr'>petiit,</span> <span class='ocrx_word' id='word_1_148' title='bbox 373 501 392 515; x_wconf 86' lang='lat' dir='ltr'>ut</span> <span class='ocrx_word' id='word_1_149' title='bbox 405 498 462 521; x_wconf 82' lang='lat' dir='ltr'>prius,</span> <span class='ocrx_word' id='word_1_150' title='bbox 473 498 567 521; x_wconf 85' lang='lat' dir='ltr'>apostolos</span> <span class='ocrx_word' id='word_1_151' title='bbox 576 498 599 515; x_wconf 90' lang='lat' dir='ltr'>ab</span> <span class='ocrx_word' id='word_1_152' title='bbox 609 498 673 515; x_wconf 78' lang='lat' dir='ltr'>eodem</span> <span class='ocrx_word' id='word_1_153' title='bbox 684 498 791 515; x_wconf 80' lang='lat' dir='ltr'>cancellario</span> <span class='ocrx_word' id='word_1_154' title='bbox 802 498 838 515; x_wconf 87' lang='lat' dir='ltr'>sibi</span> <span class='ocrx_word' id='word_1_155' title='bbox 851 498 896 515; x_wconf 84' lang='lat' dir='ltr'>dari.</span> <span class='ocrx_word' id='word_1_156' title='bbox 908 499 949 521; x_wconf 85' lang='lat' dir='ltr'>lpse</span> <span class='ocrx_word' id='word_1_157' title='bbox 962 504 1006 515; x_wconf 84' lang='lat' dir='ltr'>vero</span> <span class='ocrx_word' id='word_1_158' title='bbox 1019 499 1104 515; x_wconf 87' lang='lat' dir='ltr'>dominus</span> 
     </span>
     <span class='ocr_line' id='line_1_15' title="bbox 181 531 1104 554; baseline 0 -6"><span class='ocrx_word' id='word_1_159' title='bbox 181 531 290 548; x_wconf 82' lang='lat' dir='ltr'>cancellarius</span> <span class='ocrx_word' id='word_1_160' title='bbox 299 531 357 548; x_wconf 86' lang='lat' dir='ltr'>eidem</span> <span class='ocrx_word' id='word_1_161' title='bbox 368 531 454 554; x_wconf 84' lang='lat' dir='ltr'>magistro</span> <span class='ocrx_word' id='word_1_162' title='bbox 465 531 566 554; x_wconf 81' lang='lat' dir='ltr'>Reginaldo</span> <span class='ocrx_word' id='word_1_163' title='bbox 576 531 622 548; x_wconf 80' lang='lat' dir='ltr'>dixit</span> <span class='ocrx_word' id='word_1_164' title='bbox 631 532 680 554; x_wconf 86' lang='lat' dir='ltr'>quod</span> <span class='ocrx_word' id='word_1_165' title='bbox 690 531 789 548; x_wconf 81' lang='lat' dir='ltr'>decantatis</span> <span class='ocrx_word' id='word_1_166' title='bbox 799 531 882 554; x_wconf 87' lang='lat' dir='ltr'>vesperis</span> <span class='ocrx_word' id='word_1_167' title='bbox 891 531 926 548; x_wconf 87' lang='lat' dir='ltr'>iret</span> <span class='ocrx_word' id='word_1_168' title='bbox 936 531 958 548; x_wconf 84' lang='lat' dir='ltr'>ad</span> <span class='ocrx_word' id='word_1_169' title='bbox 969 531 1043 548; x_wconf 85' lang='lat' dir='ltr'>domum</span> <span class='ocrx_word' id='word_1_170' title='bbox 1054 537 1104 548; x_wconf 79' lang='lat' dir='ltr'>suain</span> 
     </span>
     <span class='ocr_line' id='line_1_16' title="bbox 181 564 1104 587; baseline 0 -6"><span class='ocrx_word' id='word_1_171' title='bbox 181 567 196 581; x_wconf 87' lang='lat' dir='ltr'>et</span> <span class='ocrx_word' id='word_1_172' title='bbox 204 570 255 587; x_wconf 86' lang='lat' dir='ltr'>super</span> <span class='ocrx_word' id='word_1_173' title='bbox 267 564 319 581; x_wconf 85' lang='lat' dir='ltr'>dictis</span> <span class='ocrx_word' id='word_1_174' title='bbox 332 564 419 587; x_wconf 83' lang='lat' dir='ltr'>apostolis</span> <span class='ocrx_word' id='word_1_175' title='bbox 433 564 493 581; x_wconf 85' lang='lat' dir='ltr'>eidem</span> <span class='ocrx_word' id='word_1_176' title='bbox 507 564 633 587; x_wconf 83' lang='lat' dir='ltr'>responderet.</span> <span class='ocrx_word' id='word_1_177' title='bbox 649 564 684 586; x_wconf 86' lang='lat' dir='ltr'>Qui</span> <span class='ocrx_word' id='word_1_178' title='bbox 698 564 784 587; x_wconf 83' lang='lat' dir='ltr'>magister</span> <span class='ocrx_word' id='word_1_179' title='bbox 799 564 912 587; x_wconf 82' lang='lat' dir='ltr'>Reginaldus</span> <span class='ocrx_word' id='word_1_180' title='bbox 930 564 952 581; x_wconf 96' lang='lat' dir='ltr'>ad</span> <span class='ocrx_word' id='word_1_181' title='bbox 971 564 1046 581; x_wconf 86' lang='lat' dir='ltr'>domum</span> <span class='ocrx_word' id='word_1_182' title='bbox 1061 564 1104 581; x_wconf 84' lang='lat' dir='ltr'>dicti</span> 
     </span>
     <span class='ocr_line' id='line_1_17' title="bbox 180 597 1105 620; baseline 0.001 -7"><span class='ocrx_word' id='word_1_183' title='bbox 180 597 274 614; x_wconf 82' lang='lat' dir='ltr'>cancellarii</span> <span class='ocrx_word' id='word_1_184' title='bbox 284 597 301 613; x_wconf 90' lang='lat' dir='ltr'>in</span> <span class='ocrx_word' id='word_1_185' title='bbox 311 597 390 614; x_wconf 84' lang='lat' dir='ltr'>claustro</span> <span class='ocrx_word' id='word_1_186' title='bbox 400 597 499 614; x_wconf 80' lang='lat' dir='ltr'>Parisiensi</span> <span class='ocrx_word' id='word_1_187' title='bbox 509 597 617 614; x_wconf 75' lang='lat' dir='ltr'>existentem</span> <span class='ocrx_word' id='word_1_188' title='bbox 624 597 713 614; x_wconf 78' lang='lat' dir='ltr'>accedens</span> <span class='ocrx_word' id='word_1_189' title='bbox 722 603 757 614; x_wconf 90' lang='lat' dir='ltr'>una</span> <span class='ocrx_word' id='word_1_190' title='bbox 763 603 833 614; x_wconf 88' lang='lat' dir='ltr'>mecum</span> <span class='ocrx_word' id='word_1_191' title='bbox 842 597 913 614; x_wconf 83' lang='lat' dir='ltr'>notario</span> <span class='ocrx_word' id='word_1_192' title='bbox 920 597 994 620; x_wconf 86' lang='lat' dir='ltr'>publico</span> <span class='ocrx_word' id='word_1_193' title='bbox 1002 600 1021 614; x_wconf 97' lang='lat' dir='ltr'>et</span> <span class='ocrx_word' id='word_1_194' title='bbox 1028 597 1105 614; x_wconf 86' lang='lat' dir='ltr'>testibus</span> 
     </span>
     <span class='ocr_line' id='line_1_18' title="bbox 180 629 1105 653; baseline 0.001 -7"><span class='ocrx_word' id='word_1_195' title='bbox 180 629 291 652; x_wconf 78' lang='lat' dir='ltr'>infrascriptis</span> <span class='ocrx_word' id='word_1_196' title='bbox 301 633 318 646; x_wconf 87' lang='lat' dir='ltr'>et</span> <span class='ocrx_word' id='word_1_197' title='bbox 327 630 394 647; x_wconf 82' lang='lat' dir='ltr'>ibidem</span> <span class='ocrx_word' id='word_1_198' title='bbox 407 633 504 653; x_wconf 82' lang='lat' dir='ltr'>expectans</span> <span class='ocrx_word' id='word_1_199' title='bbox 517 630 601 647; x_wconf 85' lang='lat' dir='ltr'>eumdem</span> <span class='ocrx_word' id='word_1_200' title='bbox 611 630 704 647; x_wconf 89' lang='lat' dir='ltr'>dominum</span> <span class='ocrx_word' id='word_1_201' title='bbox 718 630 845 647; x_wconf 84' lang='lat' dir='ltr'>cancellarium</span> <span class='ocrx_word' id='word_1_202' title='bbox 858 636 917 653; x_wconf 85' lang='lat' dir='ltr'>usque</span> <span class='ocrx_word' id='word_1_203' title='bbox 929 630 952 647; x_wconf 87' lang='lat' dir='ltr'>ad</span> <span class='ocrx_word' id='word_1_204' title='bbox 966 630 1028 647; x_wconf 86' lang='lat' dir='ltr'>horam</span> <span class='ocrx_word' id='word_1_205' title='bbox 1041 636 1105 653; x_wconf 89' lang='lat' dir='ltr'>crepu-</span> 
     </span>
     <span class='ocr_line' id='line_1_19' title="bbox 180 662 1105 686; baseline 0.001 -7"><span class='ocrx_word' id='word_1_206' title='bbox 180 662 219 680; x_wconf 81' lang='lat' dir='ltr'>sculi</span> <span class='ocrx_word' id='word_1_207' title='bbox 229 663 263 679; x_wconf 87' lang='lat' dir='ltr'>diei</span> <span class='ocrx_word' id='word_1_208' title='bbox 273 662 353 685; x_wconf 88' lang='lat' dir='ltr'>ejusdem</span> <span class='ocrx_word' id='word_1_209' title='bbox 363 662 392 679; x_wconf 93' lang='lat' dir='ltr'>vel</span> <span class='ocrx_word' id='word_1_210' title='bbox 402 668 424 679; x_wconf 90' lang='lat' dir='ltr'>eo</span> <span class='ocrx_word' id='word_1_211' title='bbox 433 663 482 680; x_wconf 86' lang='lat' dir='ltr'>circa</span> <span class='ocrx_word' id='word_1_212' title='bbox 491 662 569 680; x_wconf 82' lang='lat' dir='ltr'>finaliter</span> <span class='ocrx_word' id='word_1_213' title='bbox 579 663 640 686; x_wconf 85' lang='lat' dir='ltr'>petitis</span> <span class='ocrx_word' id='word_1_214' title='bbox 650 663 738 686; x_wconf 85' lang='lat' dir='ltr'>apostolis</span> <span class='ocrx_word' id='word_1_215' title='bbox 749 669 781 686; x_wconf 90' lang='lat' dir='ltr'>per</span> <span class='ocrx_word' id='word_1_216' title='bbox 790 664 859 680; x_wconf 87' lang='lat' dir='ltr'>dictum</span> <span class='ocrx_word' id='word_1_217' title='bbox 867 663 975 686; x_wconf 85' lang='lat' dir='ltr'>magistrum</span> <span class='ocrx_word' id='word_1_218' title='bbox 983 663 1105 686; x_wconf 80' lang='lat' dir='ltr'>Reginaldum</span> 
     </span>
     <span class='ocr_line' id='line_1_20' title="bbox 180 695 1104 719; baseline 0 -7"><span class='ocrx_word' id='word_1_219' title='bbox 180 702 188 712; x_wconf 84' lang='lat' dir='ltr'>a</span> <span class='ocrx_word' id='word_1_220' title='bbox 200 695 269 712; x_wconf 81' lang='lat' dir='ltr'>domino</span> <span class='ocrx_word' id='word_1_221' title='bbox 284 695 390 712; x_wconf 84' lang='lat' dir='ltr'>cancellario</span> <span class='ocrx_word' id='word_1_222' title='bbox 406 699 506 713; x_wconf 87' lang='lat' dir='ltr'>memorato</span> <span class='ocrx_word' id='word_1_223' title='bbox 523 701 578 719; x_wconf 83' lang='lat' dir='ltr'>super</span> <span class='ocrx_word' id='word_1_224' title='bbox 594 696 716 719; x_wconf 81' lang='lat' dir='ltr'>appellatione</span> <span class='ocrx_word' id='word_1_225' title='bbox 733 702 766 713; x_wconf 89' lang='lat' dir='ltr'>seu</span> <span class='ocrx_word' id='word_1_226' title='bbox 781 697 910 719; x_wconf 77' lang='lat' dir='ltr'>provocatione</span> <span class='ocrx_word' id='word_1_227' title='bbox 925 699 966 713; x_wconf 82' lang='lat' dir='ltr'>ante</span> <span class='ocrx_word' id='word_1_228' title='bbox 982 696 1036 717; x_wconf 82' lang='lat' dir='ltr'>dicta,</span> <span class='ocrx_word' id='word_1_229' title='bbox 1056 696 1104 712; x_wconf 81' lang='lat' dir='ltr'>idem</span> 
     </span>
     <span class='ocr_line' id='line_1_21' title="bbox 179 728 1103 752; baseline 0.001 -7"><span class='ocrx_word' id='word_1_230' title='bbox 179 728 257 745; x_wconf 84' lang='lat' dir='ltr'>dominus</span> <span class='ocrx_word' id='word_1_231' title='bbox 269 728 386 745; x_wconf 84' lang='lat' dir='ltr'>cancellarius</span> <span class='ocrx_word' id='word_1_232' title='bbox 400 728 441 745; x_wconf 84' lang='lat' dir='ltr'>loco</span> <span class='ocrx_word' id='word_1_233' title='bbox 455 728 579 751; x_wconf 87' lang='lat' dir='ltr'>apostolorum</span> <span class='ocrx_word' id='word_1_234' title='bbox 595 729 734 752; x_wconf 77' lang='lat' dir='ltr'>responsionem</span> <span class='ocrx_word' id='word_1_235' title='bbox 748 735 798 746; x_wconf 78' lang='lat' dir='ltr'>suain</span> <span class='ocrx_word' id='word_1_236' title='bbox 817 729 890 746; x_wconf 74' lang='lat' dir='ltr'>tradidit</span> <span class='ocrx_word' id='word_1_237' title='bbox 907 729 926 745; x_wconf 82' lang='lat' dir='ltr'>iu</span> <span class='ocrx_word' id='word_1_238' title='bbox 943 729 1017 752; x_wconf 82' lang='lat' dir='ltr'>scriptis</span> <span class='ocrx_word' id='word_1_239' title='bbox 1034 728 1052 745; x_wconf 91' lang='lat' dir='ltr'>in</span> <span class='ocrx_word' id='word_1_240' title='bbox 1070 728 1103 745; x_wconf 83' lang='lat' dir='ltr'>hec</span> 
     </span>
     <span class='ocr_line' id='line_1_22' title="bbox 179 761 240 779; baseline -0.016 0"><span class='ocrx_word' id='word_1_241' title='bbox 179 761 226 779; x_wconf 78' lang='lat' dir='ltr'>vei-ha</span> <span class='ocrx_word' id='word_1_242' title='bbox 237 767 240 778; x_wconf 90' lang='lat'>:</span> 
     </span>
    </p>

    <p class='ocr_par' dir='ltr' id='par_1_4' title="bbox 177 795 1101 850">
     <span class='ocr_line' id='line_1_23' title="bbox 217 795 1101 818; baseline 0 -7"><span class='ocrx_word' id='word_1_243' title='bbox 217 802 224 810; x_wconf 72' lang='grc' dir='ltr'>(ι</span> <span class='ocrx_word' id='word_1_244' title='bbox 235 795 278 812; x_wconf 88' lang='lat' dir='ltr'>Cum</span> <span class='ocrx_word' id='word_1_245' title='bbox 288 795 413 817; x_wconf 71' lang='lat' dir='ltr'>appellationis</span> <span class='ocrx_word' id='word_1_246' title='bbox 427 795 526 811; x_wconf 85' lang='lat' dir='ltr'>remedium</span> <span class='ocrx_word' id='word_1_247' title='bbox 539 800 576 811; x_wconf 90' lang='lat' dir='ltr'>non</span> <span class='ocrx_word' id='word_1_248' title='bbox 589 795 612 812; x_wconf 86' lang='lat' dir='ltr'>sit</span> <span class='ocrx_word' id='word_1_249' title='bbox 628 795 651 811; x_wconf 84' lang='lat' dir='ltr'>ad</span> <span class='ocrx_word' id='word_1_250' title='bbox 664 795 790 812; x_wconf 79' lang='lat' dir='ltr'>defensionem</span> <span class='ocrx_word' id='word_1_251' title='bbox 804 795 911 817; x_wconf 69' lang='lat' dir='ltr'>iniquitatis,</span> <span class='ocrx_word' id='word_1_252' title='bbox 928 795 962 812; x_wconf 90' lang='lat' dir='ltr'>sed</span> <span class='ocrx_word' id='word_1_253' title='bbox 971 795 994 812; x_wconf 87' lang='lat' dir='ltr'>ad</span> <span class='ocrx_word' id='word_1_254' title='bbox 1000 795 1101 818; x_wconf 82' lang='lat' dir='ltr'>presidium</span> 
     </span>
     <span class='ocr_line' id='line_1_24' title="bbox 177 827 1101 850; baseline 0 -6"><span class='ocrx_word' id='word_1_255' title='bbox 177 828 272 845; x_wconf 81' lang='lat' dir='ltr'>innocentie</span> <span class='ocrx_word' id='word_1_256' title='bbox 289 828 396 847; x_wconf 80' lang='lat' dir='ltr'>institutum,</span> <span class='ocrx_word' id='word_1_257' title='bbox 412 830 430 844; x_wconf 82' lang='lat' dir='ltr'>et</span> <span class='ocrx_word' id='word_1_258' title='bbox 446 827 599 850; x_wconf 76' lang='lat' dir='ltr'>appellationibus</span> <span class='ocrx_word' id='word_1_259' title='bbox 612 827 683 844; x_wconf 76' lang='lat' dir='ltr'>frivolis</span> <span class='ocrx_word' id='word_1_260' title='bbox 698 834 732 844; x_wconf 82' lang='lat' dir='ltr'>nec</span> <span class='ocrx_word' id='word_1_261' title='bbox 744 828 818 850; x_wconf 83' lang='lat' dir='ltr'>justicia</span> <span class='ocrx_word' id='word_1_262' title='bbox 831 828 907 844; x_wconf 82' lang='lat' dir='ltr'>defferat</span> <span class='ocrx_word' id='word_1_263' title='bbox 924 834 957 844; x_wconf 90' lang='lat' dir='ltr'>nec</span> <span class='ocrx_word' id='word_1_264' title='bbox 975 828 999 844; x_wconf 87' lang='lat' dir='ltr'>sit</span> <span class='ocrx_word' id='word_1_265' title='bbox 1015 833 1025 844; x_wconf 83' lang='lat' dir='ltr'>a</span> <span class='ocrx_word' id='word_1_266' title='bbox 1038 828 1101 850; x_wconf 89' lang='lat' dir='ltr'>jndice</span> 
     </span>
    </p>

    <p class='ocr_par' dir='ltr' id='par_1_5' title="bbox 160 860 1102 883">
     <span class='ocr_line' id='line_1_25' title="bbox 160 860 1102 883; baseline 0 -6"><span class='ocrx_word' id='word_1_267' title='bbox 160 879 162 881; x_wconf 14' lang='grc' dir='ltr'>μ</span> <span class='ocrx_word' id='word_1_268' title='bbox 177 860 293 881; x_wconf 77' lang='lat' dir='ltr'>deferendum,</span> <span class='ocrx_word' id='word_1_269' title='bbox 303 860 370 877; x_wconf 86' lang='lat' dir='ltr'>idcirco</span> <span class='ocrx_word' id='word_1_270' title='bbox 381 866 415 877; x_wconf 84' lang='lat' dir='ltr'>nos</span> <span class='ocrx_word' id='word_1_271' title='bbox 425 860 536 877; x_wconf 78' lang='lat' dir='ltr'>Guilleluius</span> <span class='ocrx_word' id='word_1_272' title='bbox 546 860 569 877; x_wconf 91' lang='lat' dir='ltr'>de</span> <span class='ocrx_word' id='word_1_273' title='bbox 579 860 669 881; x_wconf 82' lang='lat' dir='ltr'>Narbona,</span> <span class='ocrx_word' id='word_1_274' title='bbox 678 861 742 878; x_wconf 85' lang='lat' dir='ltr'>doctor</span> <span class='ocrx_word' id='word_1_275' title='bbox 752 866 803 877; x_wconf 83' lang='lat' dir='ltr'>sacre</span> <span class='ocrx_word' id='word_1_276' title='bbox 813 861 886 883; x_wconf 74' lang='lat' dir='ltr'>pagine,</span> <span class='ocrx_word' id='word_1_277' title='bbox 895 861 1015 877; x_wconf 76' lang='lat' dir='ltr'>cancellarius</span> <span class='ocrx_word' id='word_1_278' title='bbox 1024 860 1102 877; x_wconf 83' lang='lat' dir='ltr'>ecclesie</span> 
     </span>
    </p>

    <p class='ocr_par' dir='ltr' id='par_1_6' title="bbox 172 893 1116 1313">
     <span class='ocr_line' id='line_1_26' title="bbox 176 893 1101 916; baseline 0 -6"><span class='ocrx_word' id='word_1_279' title='bbox 176 893 276 910; x_wconf 74' lang='lat' dir='ltr'>Parisiensis</span> <span class='ocrx_word' id='word_1_280' title='bbox 286 899 304 910; x_wconf 85' lang='lat' dir='ltr'>ac</span> <span class='ocrx_word' id='word_1_281' title='bbox 314 893 424 910; x_wconf 79' lang='lat' dir='ltr'>sanctissimi</span> <span class='ocrx_word' id='word_1_282' title='bbox 435 893 491 916; x_wconf 83' lang='lat' dir='ltr'>patris</span> <span class='ocrx_word' id='word_1_283' title='bbox 501 893 520 909; x_wconf 90' lang='lat' dir='ltr'>in</span> <span class='ocrx_word' id='word_1_284' title='bbox 531 893 604 910; x_wconf 80' lang='lat' dir='ltr'>Christe</span> <span class='ocrx_word' id='word_1_285' title='bbox 615 893 684 910; x_wconf 87' lang='lat' dir='ltr'>domini</span> <span class='ocrx_word' id='word_1_286' title='bbox 693 893 781 910; x_wconf 78' lang='lat' dir='ltr'>Johannis</span> <span class='ocrx_word' id='word_1_287' title='bbox 791 893 852 910; x_wconf 84' lang='lat' dir='ltr'>divina</span> <span class='ocrx_word' id='word_1_288' title='bbox 865 893 980 916; x_wconf 83' lang='lat' dir='ltr'>providentia</span> <span class='ocrx_word' id='word_1_289' title='bbox 992 899 1038 916; x_wconf 73' lang='lat' dir='ltr'>pape</span> <span class='ocrx_word' id='word_1_290' title='bbox 1050 894 1101 910; x_wconf 88' lang='lat' dir='ltr'>XXII</span> 
     </span>
     <span class='ocr_line' id='line_1_27' title="bbox 175 925 1102 949; baseline 0 -6"><span class='ocrx_word' id='word_1_291' title='bbox 175 926 242 943; x_wconf 80' lang='lat' dir='ltr'>humilis</span> <span class='ocrx_word' id='word_1_292' title='bbox 251 926 359 949; x_wconf 79' lang='lat' dir='ltr'>capellanus,</span> <span class='ocrx_word' id='word_1_293' title='bbox 369 926 484 943; x_wconf 81' lang='lat' dir='ltr'>attendentes</span> <span class='ocrx_word' id='word_1_294' title='bbox 494 925 641 949; x_wconf 74' lang='lat' dir='ltr'>appellationem,</span> <span class='ocrx_word' id='word_1_295' title='bbox 651 926 667 943; x_wconf 88' lang='lat' dir='ltr'>si</span> <span class='ocrx_word' id='word_1_296' title='bbox 675 926 728 943; x_wconf 88' lang='lat' dir='ltr'>talem</span> <span class='ocrx_word' id='word_1_297' title='bbox 736 926 772 943; x_wconf 86' lang='lat' dir='ltr'>dici</span> <span class='ocrx_word' id='word_1_298' title='bbox 780 926 852 947; x_wconf 71' lang='lat' dir='ltr'>debeat,</span> <span class='ocrx_word' id='word_1_299' title='bbox 861 932 914 949; x_wconf 83' lang='lat' dir='ltr'>quarn</span> <span class='ocrx_word' id='word_1_300' title='bbox 923 926 1008 943; x_wconf 86' lang='lat' dir='ltr'>emisisse</span> <span class='ocrx_word' id='word_1_301' title='bbox 1017 926 1102 943; x_wconf 79' lang='lat' dir='ltr'>dicuntur</span> 
     </span>
     <span class='ocr_line' id='line_1_28' title="bbox 176 958 1101 982; baseline 0 -6"><span class='ocrx_word' id='word_1_302' title='bbox 176 959 195 976; x_wconf 86' lang='lat' dir='ltr'>de</span> <span class='ocrx_word' id='word_1_303' title='bbox 206 960 249 976; x_wconf 84' lang='lat' dir='ltr'>facto</span> <span class='ocrx_word' id='word_1_304' title='bbox 263 959 348 982; x_wconf 80' lang='lat' dir='ltr'>magister</span> <span class='ocrx_word' id='word_1_305' title='bbox 363 958 476 982; x_wconf 79' lang='lat' dir='ltr'>Reginaldus</span> <span class='ocrx_word' id='word_1_306' title='bbox 490 959 513 976; x_wconf 87' lang='lat' dir='ltr'>de</span> <span class='ocrx_word' id='word_1_307' title='bbox 526 959 643 980; x_wconf 76' lang='lat' dir='ltr'>Cornemara,</span> <span class='ocrx_word' id='word_1_308' title='bbox 657 959 689 981; x_wconf 82' lang='lat' dir='ltr'>qui</span> <span class='ocrx_word' id='word_1_309' title='bbox 702 965 722 976; x_wconf 87' lang='lat' dir='ltr'>se</span> <span class='ocrx_word' id='word_1_310' title='bbox 737 959 781 976; x_wconf 87' lang='lat' dir='ltr'>dicit</span> <span class='ocrx_word' id='word_1_311' title='bbox 795 958 914 976; x_wconf 84' lang='lat' dir='ltr'>substitutum</span> <span class='ocrx_word' id='word_1_312' title='bbox 930 959 994 976; x_wconf 89' lang='lat' dir='ltr'>decani</span> <span class='ocrx_word' id='word_1_313' title='bbox 1012 959 1101 976; x_wconf 78' lang='lat' dir='ltr'>facultatis</span> 
     </span>
     <span class='ocr_line' id='line_1_29' title="bbox 175 991 1101 1014; baseline 0 -5"><span class='ocrx_word' id='word_1_314' title='bbox 175 992 263 1013; x_wconf 79' lang='lat' dir='ltr'>medicine,</span> <span class='ocrx_word' id='word_1_315' title='bbox 274 995 291 1009; x_wconf 86' lang='lat' dir='ltr'>et</span> <span class='ocrx_word' id='word_1_316' title='bbox 300 992 372 1014; x_wconf 90' lang='lat' dir='ltr'>quidam</span> <span class='ocrx_word' id='word_1_317' title='bbox 383 991 413 1008; x_wconf 83' lang='lat' dir='ltr'>alii</span> <span class='ocrx_word' id='word_1_318' title='bbox 424 991 458 1008; x_wconf 94' lang='lat' dir='ltr'>sub</span> <span class='ocrx_word' id='word_1_319' title='bbox 469 991 543 1008; x_wconf 86' lang='lat' dir='ltr'>nomine</span> <span class='ocrx_word' id='word_1_320' title='bbox 553 991 609 1008; x_wconf 88' lang='lat' dir='ltr'>totius</span> <span class='ocrx_word' id='word_1_321' title='bbox 619 991 716 1012; x_wconf 72' lang='lat' dir='ltr'>facultatis,</span> <span class='ocrx_word' id='word_1_322' title='bbox 726 997 767 1008; x_wconf 85' lang='lat' dir='ltr'>cum</span> <span class='ocrx_word' id='word_1_323' title='bbox 778 997 815 1008; x_wconf 90' lang='lat' dir='ltr'>non</span> <span class='ocrx_word' id='word_1_324' title='bbox 825 995 897 1008; x_wconf 84' lang='lat' dir='ltr'>constet</span> <span class='ocrx_word' id='word_1_325' title='bbox 907 991 961 1008; x_wconf 90' lang='lat' dir='ltr'>nobis</span> <span class='ocrx_word' id='word_1_326' title='bbox 972 992 1023 1014; x_wconf 89' lang='lat' dir='ltr'>quod</span> <span class='ocrx_word' id='word_1_327' title='bbox 1037 998 1101 1009; x_wconf 87' lang='lat' dir='ltr'>omnes</span> 
     </span>
     <span class='ocr_line' id='line_1_30' title="bbox 175 1024 1102 1047; baseline 0 -5"><span class='ocrx_word' id='word_1_328' title='bbox 175 1031 203 1042; x_wconf 88' lang='lat' dir='ltr'>seu</span> <span class='ocrx_word' id='word_1_329' title='bbox 212 1025 294 1042; x_wconf 84' lang='lat' dir='ltr'>meliores</span> <span class='ocrx_word' id='word_1_330' title='bbox 303 1025 326 1041; x_wconf 80' lang='lat' dir='ltr'>de</span> <span class='ocrx_word' id='word_1_331' title='bbox 336 1025 382 1041; x_wconf 82' lang='lat' dir='ltr'>dicta</span> <span class='ocrx_word' id='word_1_332' title='bbox 393 1025 484 1045; x_wconf 77' lang='lat' dir='ltr'>facuItate,</span> <span class='ocrx_word' id='word_1_333' title='bbox 495 1027 513 1041; x_wconf 90' lang='lat' dir='ltr'>ut</span> <span class='ocrx_word' id='word_1_334' title='bbox 523 1024 596 1045; x_wconf 81' lang='lat' dir='ltr'>dicitnr,</span> <span class='ocrx_word' id='word_1_335' title='bbox 607 1024 728 1045; x_wconf 76' lang='lat' dir='ltr'>consentiant,</span> <span class='ocrx_word' id='word_1_336' title='bbox 739 1030 762 1041; x_wconf 89' lang='lat' dir='ltr'>ex</span> <span class='ocrx_word' id='word_1_337' title='bbox 772 1024 856 1047; x_wconf 85' lang='lat' dir='ltr'>pluribus</span> <span class='ocrx_word' id='word_1_338' title='bbox 866 1024 927 1041; x_wconf 85' lang='lat' dir='ltr'>causis</span> <span class='ocrx_word' id='word_1_339' title='bbox 938 1030 975 1041; x_wconf 88' lang='lat' dir='ltr'>non</span> <span class='ocrx_word' id='word_1_340' title='bbox 985 1024 1024 1041; x_wconf 78' lang='lat' dir='ltr'>fore</span> <span class='ocrx_word' id='word_1_341' title='bbox 1038 1025 1102 1042; x_wconf 81' lang='lat' dir='ltr'>admit-</span> 
     </span>
     <span class='ocr_line' id='line_1_31' title="bbox 175 1057 1115 1080; baseline 0 -5"><span class='ocrx_word' id='word_1_342' title='bbox 175 1058 245 1075; x_wconf 76' lang='lat' dir='ltr'>tendam.</span> <span class='ocrx_word' id='word_1_343' title='bbox 255 1058 320 1078; x_wconf 86' lang='lat' dir='ltr'>Primo,</span> <span class='ocrx_word' id='word_1_344' title='bbox 331 1057 372 1080; x_wconf 90' lang='lat' dir='ltr'>quia</span> <span class='ocrx_word' id='word_1_345' title='bbox 382 1063 423 1074; x_wconf 84' lang='lat' dir='ltr'>cum</span> <span class='ocrx_word' id='word_1_346' title='bbox 434 1060 498 1074; x_wconf 85' lang='lat' dir='ltr'>essent</span> <span class='ocrx_word' id='word_1_347' title='bbox 507 1057 575 1074; x_wconf 89' lang='lat' dir='ltr'>astricti</span> <span class='ocrx_word' id='word_1_348' title='bbox 583 1057 688 1080; x_wconf 82' lang='lat' dir='ltr'>juramento</span> <span class='ocrx_word' id='word_1_349' title='bbox 698 1057 761 1074; x_wconf 92' lang='lat' dir='ltr'>venire</span> <span class='ocrx_word' id='word_1_350' title='bbox 771 1057 793 1074; x_wconf 97' lang='lat' dir='ltr'>ad</span> <span class='ocrx_word' id='word_1_351' title='bbox 804 1057 939 1080; x_wconf 83' lang='lat' dir='ltr'>perhibendum</span> <span class='ocrx_word' id='word_1_352' title='bbox 951 1057 1007 1075; x_wconf 85' lang='lat' dir='ltr'>fidele</span> <span class='ocrx_word' id='word_1_353' title='bbox 1020 1058 1102 1075; x_wconf 78' lang='lat' dir='ltr'>testimo·</span> <span class='ocrx_word' id='word_1_354' title='bbox 1113 1063 1115 1070; x_wconf 54' lang='lat' dir='ltr'><em>r</em></span> 
     </span>
     <span class='ocr_line' id='line_1_32' title="bbox 174 1090 1113 1114; baseline 0 -6"><span class='ocrx_word' id='word_1_355' title='bbox 174 1091 217 1108; x_wconf 89' lang='lat' dir='ltr'>nium</span> <span class='ocrx_word' id='word_1_356' title='bbox 227 1096 281 1113; x_wconf 86' lang='lat' dir='ltr'>super</span> <span class='ocrx_word' id='word_1_357' title='bbox 291 1090 397 1108; x_wconf 80' lang='lat' dir='ltr'>bachalariis</span> <span class='ocrx_word' id='word_1_358' title='bbox 407 1090 524 1107; x_wconf 85' lang='lat' dir='ltr'>licentiandis</span> <span class='ocrx_word' id='word_1_359' title='bbox 534 1090 698 1113; x_wconf 84' lang='lat' dir='ltr'>quotienscumque</span> <span class='ocrx_word' id='word_1_360' title='bbox 712 1093 730 1107; x_wconf 90' lang='lat' dir='ltr'>et</span> <span class='ocrx_word' id='word_1_361' title='bbox 742 1090 894 1113; x_wconf 82' lang='lat' dir='ltr'>quandocumque</span> <span class='ocrx_word' id='word_1_362' title='bbox 908 1096 941 1114; x_wconf 86' lang='lat' dir='ltr'>per</span> <span class='ocrx_word' id='word_1_363' title='bbox 953 1097 982 1108; x_wconf 87' lang='lat' dir='ltr'>me</span> <span class='ocrx_word' id='word_1_364' title='bbox 993 1090 1022 1108; x_wconf 88' lang='lat' dir='ltr'>vel</span> <span class='ocrx_word' id='word_1_365' title='bbox 1032 1091 1101 1108; x_wconf 82' lang='lat' dir='ltr'>cancel·</span> <span class='ocrx_word' id='word_1_366' title='bbox 1112 1100 1113 1104; x_wconf 69' lang='lat'><em>=</em></span> 
     </span>
     <span class='ocr_line' id='line_1_33' title="bbox 173 1118 1113 1147; baseline 0 -6"><span class='ocrx_word' id='word_1_367' title='bbox 173 1123 237 1145; x_wconf 73' lang='lat' dir='ltr'>larium,</span> <span class='ocrx_word' id='word_1_368' title='bbox 256 1124 286 1146; x_wconf 93' lang='lat' dir='ltr'>qui</span> <span class='ocrx_word' id='word_1_369' title='bbox 304 1129 336 1147; x_wconf 87' lang='lat' dir='ltr'>pro</span> <span class='ocrx_word' id='word_1_370' title='bbox 355 1127 437 1146; x_wconf 85' lang='lat' dir='ltr'>tempore</span> <span class='ocrx_word' id='word_1_371' title='bbox 456 1123 518 1144; x_wconf 84' lang='lat' dir='ltr'>fuerit,</span> <span class='ocrx_word' id='word_1_372' title='bbox 540 1123 617 1140; x_wconf 72' lang='lat' dir='ltr'>ruissent</span> <span class='ocrx_word' id='word_1_373' title='bbox 638 1123 728 1146; x_wconf 78' lang='lat' dir='ltr'>requisiti,</span> <span class='ocrx_word' id='word_1_374' title='bbox 746 1126 766 1140; x_wconf 91' lang='lat' dir='ltr'>ut</span> <span class='ocrx_word' id='word_1_375' title='bbox 782 1126 811 1140; x_wconf 88' lang='lat' dir='ltr'>est</span> <span class='ocrx_word' id='word_1_376' title='bbox 827 1124 918 1140; x_wconf 88' lang='lat' dir='ltr'>notorium</span> <span class='ocrx_word' id='word_1_377' title='bbox 938 1124 957 1140; x_wconf 92' lang='lat' dir='ltr'>in</span> <span class='ocrx_word' id='word_1_378' title='bbox 978 1124 1101 1141; x_wconf 82' lang='lat' dir='ltr'>Universitate</span> <span class='ocrx_word' id='word_1_379' title='bbox 1111 1118 1113 1123; x_wconf 49' lang='grc' dir='ltr'>Ι</span> 
     </span>
     <span class='ocr_line' id='line_1_34' title="bbox 173 1147 1115 1179; baseline 0 -6"><span class='ocrx_word' id='word_1_380' title='bbox 173 1156 269 1177; x_wconf 85' lang='lat' dir='ltr'>Parisiensi‚</span> <span class='ocrx_word' id='word_1_381' title='bbox 286 1157 320 1179; x_wconf 89' lang='lat' dir='ltr'>ipsi</span> <span class='ocrx_word' id='word_1_382' title='bbox 337 1160 396 1173; x_wconf 73' lang='lat' dir='ltr'>tannen</span> <span class='ocrx_word' id='word_1_383' title='bbox 413 1162 446 1179; x_wconf 93' lang='lat' dir='ltr'>per</span> <span class='ocrx_word' id='word_1_384' title='bbox 463 1162 497 1173; x_wconf 85' lang='lat' dir='ltr'>nos</span> <span class='ocrx_word' id='word_1_385' title='bbox 511 1156 623 1173; x_wconf 83' lang='lat' dir='ltr'>sufficienter</span> <span class='ocrx_word' id='word_1_386' title='bbox 638 1156 696 1173; x_wconf 83' lang='lat' dir='ltr'>vocati</span> <span class='ocrx_word' id='word_1_387' title='bbox 713 1156 735 1173; x_wconf 87' lang='lat' dir='ltr'>ad</span> <span class='ocrx_word' id='word_1_388' title='bbox 753 1156 886 1179; x_wconf 83' lang='lat' dir='ltr'>perhibendum</span> <span class='ocrx_word' id='word_1_389' title='bbox 904 1156 959 1173; x_wconf 80' lang='lat' dir='ltr'>fidele</span> <span class='ocrx_word' id='word_1_390' title='bbox 976 1156 1101 1174; x_wconf 83' lang='lat' dir='ltr'>testimonium</span> <span class='ocrx_word' id='word_1_391' title='bbox 1111 1147 1115 1179; x_wconf 55' lang='lat' dir='ltr'>i</span> 
     </span>
     <span class='ocr_line' id='line_1_35' title="bbox 173 1185 1116 1213; baseline -0.001 -7"><span class='ocrx_word' id='word_1_392' title='bbox 173 1195 222 1213; x_wconf 78' lang='lat' dir='ltr'>super</span> <span class='ocrx_word' id='word_1_393' title='bbox 231 1189 315 1212; x_wconf 77' lang='lat' dir='ltr'>magistro</span> <span class='ocrx_word' id='word_1_394' title='bbox 325 1189 419 1212; x_wconf 81' lang='lat' dir='ltr'>Alphonso</span> <span class='ocrx_word' id='word_1_395' title='bbox 430 1190 453 1206; x_wconf 91' lang='lat' dir='ltr'>de</span> <span class='ocrx_word' id='word_1_396' title='bbox 467 1189 554 1212; x_wconf 84' lang='lat' dir='ltr'>Yspania,</span> <span class='ocrx_word' id='word_1_397' title='bbox 566 1192 608 1206; x_wconf 87' lang='lat' dir='ltr'>tunc</span> <span class='ocrx_word' id='word_1_398' title='bbox 624 1189 727 1206; x_wconf 87' lang='lat' dir='ltr'>bachalario</span> <span class='ocrx_word' id='word_1_399' title='bbox 742 1193 845 1212; x_wconf 79' lang='lat' dir='ltr'>presentato</span> <span class='ocrx_word' id='word_1_400' title='bbox 860 1190 882 1206; x_wconf 86' lang='lat' dir='ltr'>ad</span> <span class='ocrx_word' id='word_1_401' title='bbox 897 1189 989 1207; x_wconf 85' lang='lat' dir='ltr'>licentiam</span> <span class='ocrx_word' id='word_1_402' title='bbox 1003 1189 1101 1211; x_wconf 82' lang='lat' dir='ltr'>medicine,</span> <span class='ocrx_word' id='word_1_403' title='bbox 1113 1185 1116 1205; x_wconf 63' lang='grc' dir='ltr'>’λ</span> 
     </span>
     <span class='ocr_line' id='line_1_36' title="bbox 173 1222 1101 1245; baseline 0 -6"><span class='ocrx_word' id='word_1_404' title='bbox 173 1222 229 1239; x_wconf 88' lang='lat' dir='ltr'>venire</span> <span class='ocrx_word' id='word_1_405' title='bbox 238 1222 366 1239; x_wconf 86' lang='lat' dir='ltr'>contumaciter</span> <span class='ocrx_word' id='word_1_406' title='bbox 375 1226 533 1245; x_wconf 82' lang='lat' dir='ltr'>contempserunt,</span> <span class='ocrx_word' id='word_1_407' title='bbox 544 1223 645 1245; x_wconf 89' lang='lat' dir='ltr'>perjurium</span> <span class='ocrx_word' id='word_1_408' title='bbox 658 1229 695 1239; x_wconf 85' lang='lat' dir='ltr'>non</span> <span class='ocrx_word' id='word_1_409' title='bbox 707 1226 736 1240; x_wconf 82' lang='lat' dir='ltr'>est</span> <span class='ocrx_word' id='word_1_410' title='bbox 749 1222 825 1240; x_wconf 86' lang='lat' dir='ltr'>dubium</span> <span class='ocrx_word' id='word_1_411' title='bbox 836 1223 954 1240; x_wconf 82' lang='lat' dir='ltr'>incurrendo.</span> <span class='ocrx_word' id='word_1_412' title='bbox 969 1223 1014 1239; x_wconf 76' lang='lat' dir='ltr'>item</span> <span class='ocrx_word' id='word_1_413' title='bbox 1028 1226 1046 1239; x_wconf 90' lang='lat' dir='ltr'>et</span> <span class='ocrx_word' id='word_1_414' title='bbox 1060 1223 1101 1245; x_wconf 92' lang='lat' dir='ltr'>quia</span> 
     </span>
     <span class='ocr_line' id='line_1_37' title="bbox 173 1255 1101 1279; baseline 0 -7"><span class='ocrx_word' id='word_1_415' title='bbox 173 1261 192 1272; x_wconf 83' lang='lat' dir='ltr'>ex</span> <span class='ocrx_word' id='word_1_416' title='bbox 200 1255 257 1272; x_wconf 86' lang='lat' dir='ltr'>causis</span> <span class='ocrx_word' id='word_1_417' title='bbox 266 1255 359 1272; x_wconf 80' lang='lat' dir='ltr'>manifeste</span> <span class='ocrx_word' id='word_1_418' title='bbox 369 1255 440 1272; x_wconf 74' lang='lat' dir='ltr'>frivolis</span> <span class='ocrx_word' id='word_1_419' title='bbox 453 1259 522 1272; x_wconf 82' lang='lat' dir='ltr'>temere</span> <span class='ocrx_word' id='word_1_420' title='bbox 535 1259 553 1273; x_wconf 89' lang='lat' dir='ltr'>et</span> <span class='ocrx_word' id='word_1_421' title='bbox 562 1256 585 1272; x_wconf 85' lang='lat' dir='ltr'>de</span> <span class='ocrx_word' id='word_1_422' title='bbox 595 1256 642 1273; x_wconf 82' lang='lat' dir='ltr'>facto</span> <span class='ocrx_word' id='word_1_423' title='bbox 652 1256 699 1273; x_wconf 78' lang='lat' dir='ltr'>dicta</span> <span class='ocrx_word' id='word_1_424' title='bbox 711 1255 809 1279; x_wconf 83' lang='lat' dir='ltr'>appellatio</span> <span class='ocrx_word' id='word_1_425' title='bbox 822 1259 851 1273; x_wconf 84' lang='lat' dir='ltr'>est</span> <span class='ocrx_word' id='word_1_426' title='bbox 863 1256 938 1277; x_wconf 62' lang='lat' dir='ltr'>emissa,</span> <span class='ocrx_word' id='word_1_427' title='bbox 952 1259 970 1272; x_wconf 82' lang='lat' dir='ltr'>et</span> <span class='ocrx_word' id='word_1_428' title='bbox 982 1261 1005 1273; x_wconf 85' lang='lat' dir='ltr'>ex</span> <span class='ocrx_word' id='word_1_429' title='bbox 1016 1255 1101 1279; x_wconf 85' lang='lat' dir='ltr'>pluribus</span> 
     </span>
     <span class='ocr_line' id='line_1_38' title="bbox 172 1288 1100 1313; baseline 0.001 -8"><span class='ocrx_word' id='word_1_430' title='bbox 172 1288 207 1305; x_wconf 86' lang='lat' dir='ltr'>aliis</span> <span class='ocrx_word' id='word_1_431' title='bbox 214 1289 272 1305; x_wconf 81' lang='lat' dir='ltr'>causis</span> <span class='ocrx_word' id='word_1_432' title='bbox 280 1294 314 1306; x_wconf 85' lang='lat' dir='ltr'>non</span> <span class='ocrx_word' id='word_1_433' title='bbox 323 1289 423 1306; x_wconf 80' lang='lat' dir='ltr'>deferimus</span> <span class='ocrx_word' id='word_1_434' title='bbox 431 1295 464 1306; x_wconf 82' lang='lat' dir='ltr'>nec</span> <span class='ocrx_word' id='word_1_435' title='bbox 473 1289 558 1306; x_wconf 88' lang='lat' dir='ltr'>duximus</span> <span class='ocrx_word' id='word_1_436' title='bbox 567 1289 616 1306; x_wconf 80' lang='lat' dir='ltr'>salva</span> <span class='ocrx_word' id='word_1_437' title='bbox 624 1290 684 1306; x_wconf 89' lang='lat' dir='ltr'>debita</span> <span class='ocrx_word' id='word_1_438' title='bbox 693 1290 794 1307; x_wconf 84' lang='lat' dir='ltr'>reverentia</span> <span class='ocrx_word' id='word_1_439' title='bbox 803 1290 853 1307; x_wconf 82' lang='lat' dir='ltr'>sedis</span> <span class='ocrx_word' id='word_1_440' title='bbox 863 1289 965 1313; x_wconf 83' lang='lat' dir='ltr'>apostolice</span> <span class='ocrx_word' id='word_1_441' title='bbox 973 1289 1100 1311; x_wconf 81' lang='lat' dir='ltr'>deserendum,</span> 
     </span>
    </p>
   </div>
   <div class='ocr_carea' id='block_1_3' title="bbox 172 1320 1101 1366">
    <p class='ocr_par' dir='ltr' id='par_1_7' title="bbox 172 1320 1101 1366">
     <span class='ocr_line' id='line_1_39' title="bbox 172 1320 1101 1346; baseline 0.002 -8"><span class='ocrx_word' id='word_1_442' title='bbox 172 1320 198 1338; x_wconf 79' lang='lat' dir='ltr'>liic</span> <span class='ocrx_word' id='word_1_443' title='bbox 206 1321 231 1338; x_wconf 76' lang='lat' dir='ltr'>eis</span> <span class='ocrx_word' id='word_1_444' title='bbox 241 1321 280 1338; x_wconf 85' lang='lat' dir='ltr'>loco</span> <span class='ocrx_word' id='word_1_445' title='bbox 292 1322 414 1344; x_wconf 78' lang='lat' dir='ltr'>apostolorum</span> <span class='ocrx_word' id='word_1_446' title='bbox 428 1323 545 1345; x_wconf 80' lang='lat' dir='ltr'>assignantes</span> <span class='ocrx_word' id='word_1_447' title='bbox 558 1323 573 1339; x_wconf 92' lang='lat' dir='ltr'>si</span> <span class='ocrx_word' id='word_1_448' title='bbox 586 1322 626 1340; x_wconf 85' lang='lat' dir='ltr'>loco</span> <span class='ocrx_word' id='word_1_449' title='bbox 637 1326 655 1340; x_wconf 85' lang='lat' dir='ltr'>et</span> <span class='ocrx_word' id='word_1_450' title='bbox 667 1326 749 1345; x_wconf 74' lang='lat' dir='ltr'>tempore</span> <span class='ocrx_word' id='word_1_451' title='bbox 761 1323 797 1340; x_wconf 87' lang='lat' dir='ltr'>sibi</span> <span class='ocrx_word' id='word_1_452' title='bbox 812 1323 864 1340; x_wconf 87' lang='lat' dir='ltr'>aliter</span> <span class='ocrx_word' id='word_1_453' title='bbox 875 1323 976 1346; x_wconf 82' lang='lat' dir='ltr'>assignatis</span> <span class='ocrx_word' id='word_1_454' title='bbox 988 1323 1101 1340; x_wconf 78' lang='lat' dir='ltr'>sufficienter</span> 
     </span>
     <span class='ocr_line' id='line_1_40' title="bbox 227 1350 1039 1366; baseline 0.01 -4"><span class='ocrx_word' id='word_1_455' title='bbox 227 1350 242 1360; x_wconf 70' lang='lat' dir='ltr'>u</span> <span class='ocrx_word' id='word_1_456' title='bbox 250 1350 296 1363; x_wconf 62' lang='lat' dir='ltr'><em>aare.</em></span> <span class='ocrx_word' id='word_1_457' title='bbox 307 1351 347 1363; x_wconf 56' lang='lat' dir='ltr'>Uni-⁷.</span> <span class='ocrx_word' id='word_1_458' title='bbox 355 1351 401 1364; x_wconf 56' lang='grc' dir='ltr'>Ραι-ίι</span> <span class='ocrx_word' id='word_1_459' title='bbox 411 1352 427 1366; x_wconf 70' lang='lat' dir='ltr'>n,</span> <span class='ocrx_word' id='word_1_460' title='bbox 436 1352 448 1364; x_wconf 79' lang='lat'>1.</span> <span class='ocrx_word' id='word_1_461' title='bbox 1023 1352 1039 1364; x_wconf 68' lang='lat'>¹³⁷</span> 
     </span>
    </p>
   </div>
  </div>
 </body>
</html>
