1273 1538
172 27 195 45 54
461 32 620 44 crunni-Aluum
637 32 732 44 umvsns.
751 33 815 44 ranis.
1055 24 1101 44 [1292

172 70 207 87 suit
216 70 238 87 ad
248 74 328 87 nostram
338 69 448 87 audientiam
458 70 567 93 appellatum
579 76 600 87 ac
612 70 719 93 suppliciter
729 70 838 93 postulatum
849 76 858 86 a
868 70 921 87 nobis
932 73 951 87 ut
963 75 1041 90 causam,
1052 75 1101 92 quam

173 104 236 121 endem
251 104 364 121 Universitas
379 107 397 120 et
411 109 490 127 persone
505 110 561 127 super
575 104 669 127 premissis
685 104 781 121 intendunt
796 104 883 127 prosequi
900 107 961 121 contra
978 102 1101 120 cancellarium

173 141 298 158 memoratum,
307 138 326 154 in
335 137 384 155 curin
395 141 456 154 nostra
467 137 539 154 tractam*
549 141 567 154 et
577 137 668 154 terminari
682 137 717 154 fine
727 137 789 154 debito
799 137 916 154 fnceremus‘.
925 138 963 154 Nos
972 137 1029 160 igitur
1038 136 1101 154 uberes

172 171 242 188 fructus
253 171 283 194 qui
294 177 316 188 ex
326 171 387 188 studio
397 171 496 188 Parisiensi
507 177 539 194 per
548 171 663 188 scientiarum
675 171 774 188 doctrinam
785 171 895 195 proveniunt
905 171 982 188 sollicite
992 170 1101 188 attendentes

173 205 267 228 multoque
277 205 369 222 desiderio
380 205 491 226 affectantes.
505 208 524 222 ut
535 204 657 228 quarumlibet
669 205 801 222 dissentionum
815 205 915 226 fomitibus,
927 210 958 228 per
970 210 1014 228 quas
1025 204 1100 222 studium

173 239 233 262 ipsum
243 239 312 256 turbari
322 239 351 256 vel
362 242 456 262 tepescere
466 242 536 262 posset,
546 238 589 255 inde
601 238 691 256 submotis
701 245 733 262 per
743 239 792 262 pacis
803 239 944 262 pulcritudinem
955 239 1034 256 studium
1045 238 1100 262 ipsum

172 278 195 290 eo
205 272 326 295 sollempnius
334 272 404 296 jugiter
416 272 483 295 vigeat,
493 275 511 289 et
524 272 582 289 eidem
596 272 656 289 studio
669 272 777 290 insistentes
790 278 812 290 ex
825 272 857 290 illo
870 272 940 296 potiora
953 272 1028 289 comoda
1040 278 1101 290 conse-

172 309 258 329 quantur,
272 312 308 329 quo
321 305 357 329 ipsi
370 311 392 323 ex
405 305 507 323 animorum
519 306 580 329 quiete
593 311 612 323 se
624 309 711 329 poterunt
723 306 742 323 in
755 312 777 323 eo
790 306 891 323 ferventius
905 309 922 323 et
934 306 997 323 utilius
1010 312 1100 327 exercere;

172 343 259 363 gerentes
274 345 347 362 quoque
361 339 384 356 de
399 339 563 362 circumspectione
577 343 636 356 vestra
652 339 736 357 fiduciam
750 340 769 356 in
786 340 864 357 Domino
881 340 982 363 pleniorem
999 339 1101 357 discretioni

172 376 233 390 vestre
250 379 282 396 per
298 373 397 396 apostolica
414 373 481 396 scripta
498 373 603 390 mandamus
620 373 705 396 quatinus
722 373 769 397 apud
786 373 866 391 Parisius
885 374 967 396 partibus
986 373 1008 390 ad
1027 377 1101 391 vestram

174 406 284 430 presentiam
296 407 383 427 evocatis,
397 407 419 424 ad
433 406 530 424 sedandam
544 406 648 430 hujusmodi
662 407 776 430 questionem
789 407 908 424 amicabiliter
921 407 969 424 inter
981 410 1040 430 partes
1056 407 1102 431 ipsas

173 440 293 463 interponatis
310 441 416 458 auctoritate
433 444 495 458 nostra
509 441 561 464 juxta
577 440 634 458 datam
651 440 704 458 vobis
721 447 730 458 a
747 441 785 458 Deo
803 441 916 464 prudentiam
934 441 1030 458 efficaciter
1045 445 1102 465 partes

173 478 250 492 vestras*
261 474 314 497 Quod
328 474 343 491 si
357 475 419 492 forsan
432 474 450 491 id
465 474 568 497 nequiverit
581 475 685 497 provenire,
695 481 728 492 vos
741 480 802 498 super>
810 474 898 498 predictis
908 475 988 492 articulis
998 475 1017 491 in
1027 474 1102 498 appella-

174 507 254 525 tionibus
265 508 386 532 predictarum
397 508 524 526 Universitatis
535 511 553 525 et
562 514 681 532 personarum
691 508 779 526 dictarum
787 508 890 526 facultatum
898 508 920 525 ad
928 514 962 526 nos
970 512 990 525 ut
997 509 1101 532 premissum

173 545 202 560 est
215 542 316 566 interjectis
329 542 427 563 contentis,
439 548 472 559 nec
486 548 523 559 non
537 545 554 559 et
567 542 651 560 omnibus
664 542 705 560 aliis
718 548 753 565 que
762 542 816 560 vohis
826 542 972 559 reformationem
982 548 1002 560 ac
1012 543 1102 566 pacificum

173 579 192 593 et
201 582 309 599 prosperum
323 579 389 593 statum
402 575 465 599 prefati
478 575 533 593 studii
546 575 638 599 respicere
650 575 767 597 videbuntur,
779 575 801 593 de
814 575 868 599 plano
880 575 919 593 sine
933 576 1008 599 strepitu
1022 579 1039 593 et
1049 577 1102 600 figura

170 610 236 633 judicii
246 610 292 627 infra
302 616 368 626 annum
379 613 421 633 post
430 609 553 632 receptionem
564 609 675 633 presentium
689 609 785 633 inquiratis
799 609 877 627 sollicite
889 609 990 631 veritatem,
1003 613 1021 627 et
1035 616 1102 627 causam

173 643 279 666 hujusmodi
287 643 358 666 judicio
370 643 399 661 vel
410 643 514 664 concordia,
525 643 540 660 si
550 643 573 660 de
584 643 660 667 partium
669 643 763 661 voluntate
773 643 890 667 processerit,
902 643 1009 665 terminetis,
1020 644 1103 661 facientes

173 677 223 700 quod
233 677 352 694 decreveritis
362 683 395 701 per
404 683 500 694 censuram
510 677 650 694 ecclesiasticam
662 677 737 694 firmiter
749 677 849 694 observari⁴
861 677 925 694 Testes
937 680 1003 698 autem,
1013 680 1045 695 etc.
1056 677 1103 701 Alio-

173 711 218 734 quin
232 717 267 734 que
281 717 336 734 super
349 711 436 734 predictis
450 711 535 728 omnibus
548 711 655 728 inveneritis
669 711 722 728 nohis
737 711 771 728 suh
783 711 850 728 vestris
862 711 933 728 inclusa
947 711 1014 734 sigillis
1029 711 1103 728 fideliter

174 745 268 762 intimetis.
282 745 352 762 Prelixo
362 745 432 762 eisdem
443 745 524 768 partibus
534 745 612 762 termino
624 745 747 768 peremptorio
759 745 876 768 competenti,
887 751 923 768 quo
936 751 968 768 per
980 748 1103 769 procuratores

174 779 264 802 ydoneos,
274 785 315 797 cum
325 779 411 796 omnibus
421 779 472 800 actis,
481 779 561 802 juribus,
572 782 590 796 et
600 779 716 796 munimentis
727 779 765 796 suis
775 779 880 802 hujusmodi
893 779 986 802 negotium
999 779 1102 803 contingen-

174 813 224 830 tibus
234 813 334 836 apostolico
347 819 366 830 se
379 813 485 836 conspectui
498 816 630 836 representem,
641 813 691 836 quod
702 819 758 836 super
770 813 865 836 premissis
878 813 962 830 ordinare
974 819 1006 830 seu
1019 816 1101 835 statuere„

174 846 203 864 vel
214 847 299 864 mandare
309 846 422 864 voluerimus
435 850 536 870 recepture,
547 852 567 863 ac
579 846 708 864 nichilominus
718 847 786 864 facture
799 850 817 864 et
828 850 923 870 recepture
934 847 982 870 quod
995 847 1040 864 ordo
1050 847 1102 864 dicta-

174 880 220 897 verit
231 880 313 897 rationis.
324 880 375 897 Diem
386 885 429 896 vero
440 880 545 903 prefixionis
555 880 660 903 hujusmodi
668 883 686 897 et
693 880 781 903 quicquid
790 880 833 897 inde
843 880 922 898 feceritis
931 880 984 898 nobis
994 886 1027 904 per
1035 883 1101 898 vestras

174 913 243 930 litteras
254 913 317 930 harum
329 913 396 930 seriem
408 908 523 930 continentes
536 913 614 931 fideliter
626 913 719 930 intimetis.
732 913 785 935 Quod
798 913 814 931 si
826 920 863 931 non
873 920 937 931 ornnes
948 913 984 931 hiis
994 914 1102 937 exequendis

175 947 270 970 potueritis
284 947 380 968 interesse=
396 949 433 963 tres
446 949 526 964 vestrum
539 953 559 964 ea
571 946 700 964 nichilominus
712 951 830 970 exequantur.
844 948 882 965 Dat⁴
896 948 952 965 Rome
966 948 1014 971 apud
1024 948 1101 965 sanctam

175 980 249 997 Mariam
260 981 347 1003 Majorem
357 980 383 997 id.
393 980 459 1001 Martii,
470 986 518 997 anno
528 980 598 1004 quinto⁴

222 1030 253 1045 Reg.
262 1030 290 1042 Vazi
298 1030 348 1042 Nicolui
355 1030 376 1045 lv,
384 1034 405 1042 un.
413 1030 425 1044 5,
432 1030 479 1046 ela-18,
487 1030 509 1042 rot.
517 1030 553 1042 19⁰⁵,

223 1072 234 1084 1,
242 1072 280 1084 Petro
288 1072 343 1085 CnilleuA
350 1079 366 1082 —
373 1073 384 1084 2
392 1072 431 1084 Petro
436 1072 453 1084 de
459 1072 517 1088 Moru-y>
526 1078 540 1081 —
547 1072 559 1084 3,
567 1072 628 1084 Nieolao?
635 1079 651 1081 —
657 1072 669 1085 fi.
676 1072 692 1084 V.
699 1076 740 1089 supro
748 1074 762 1084 n⁰
768 1073 795 1085 56⁹.

177 1167 233 1186 578.
244 1171 314 1184 Νίωιαιι,
323 1172 346 1185 ιν
355 1171 446 1185 [lairen-nitati
456 1171 537 1185 Parmensi
549 1171 613 1185 concedit
620 1172 711 1190 privilegium
721 1172 783 1185 docendi
792 1172 879 1190 regamque
890 1172 942 1190 umque
954 1174 1024 1186 mmmm
1035 1172 1065 1185 sine
1077 1172 1104 1186 uua

220 1196 280 1214 prum.»
287 1196 359 1209 examine.

658 1215 696 1230 1292,
703 1214 746 1228 nrm-m
753 1215 775 1229 2³.
782 1215 817 1231 aaut
822 1215 834 1228 s
842 1215 894 1228 umam
901 1215 965 1231 mmm.

221 1251 306 1268 Nicolaus
322 1251 420 1274 episcopus
436 1257 501 1268 servus
517 1257 611 1268 servorum
626 1252 659 1269 Dei
674 1251 746 1269 dilectis
764 1252 807 1269 liliis
820 1252 932 1269 universitati
948 1252 1074 1275 magistrorum
1089 1256 1105 1269 et

177 1285 274 1302 scolarium
289 1285 426 1306 Parisiensium,
441 1284 517 1302 salutem
531 1288 549 1302 et
563 1285 679 1308 apostolicam
694 1285 846 1303 benedictionem,
862 1286 908 1303 Dum
923 1289 989 1303 attente
1004 1286 1105 1303 considera-

176 1319 232 1336 tionis
240 1319 327 1342 indagine
334 1322 470 1342 perscrutamur
478 1319 527 1342 quod
536 1325 568 1342 per
577 1318 677 1336 litterarum
688 1319 747 1336 studia
757 1322 865 1342 cooperante
876 1319 908 1336 illo
918 1325 928 1336 a
938 1325 973 1342 quo
984 1325 1037 1336 omne
1047 1319 1104 1336 datum
