1273 1538
175 62 221 80 1289]
371 67 395 78 Αιι
412 67 464 78 ,nmo
482 66 600 78 ucczxxxw
617 66 683 80 usour:
700 67 724 77 tm
741 67 810 78 ,mium
827 67 898 79 necet„
1078 62 1099 78 25

175 120 227 138 553.
240 125 310 137 siat-num
318 124 381 137 nationis
388 124 501 137 Numanum„-
507 123 525 136 ae
533 123 574 137 modo
581 122 671 137 memma·
677 124 753 141 samniam
761 124 824 137 naccon-t,
832 125 847 137 n
853 123 931 141 reponem-11·
938 124 952 136 11.
960 128 999 137 ma.

765 166 804 181 12³9,
811 166 869 179 Jmnrr'r'
875 166 895 180 ³1.
902 166 959 179 Parisiis.

219 200 312 217 Universis
322 203 417 222 presentes
427 200 496 216 litteras
507 200 617 223 inspecturis
627 206 691 217 omnes
702 203 719 216 et
729 200 797 223 singuli
811 200 892 222 magistri
905 200 927 216 de
940 200 1016 216 nacione
1029 200 1103 217 Norma—

177 238 238 249 norum
248 233 327 249 Parisius
342 233 360 249 in
373 233 440 249 arcium
451 232 534 249 facultate
544 236 637 254 regentes,
648 232 724 249 salutem
735 233 754 249 in
764 238 786 249 eo
796 233 827 255 qui
838 235 866 249 est
876 232 955 249 omnium
968 232 1048 249 fidelium
1061 238 1103 249 vera

176 265 230 282 salus>
244 266 309 282 Notum
323 265 398 282 facimus
413 265 462 288 quod
480 271 520 282 cum
535 266 581 282 viam
596 271 630 282 seu
644 265 717 282 modum
732 272 768 282 non
786 266 894 282 haberemus
911 266 929 282 in
947 269 1008 282 nostra
1027 265 1103 282 nacione

177 298 253 320 predicta
267 298 290 314 ad
303 298 445 314 conservandam
460 298 554 320 pecuniam
569 298 616 315 dicte
632 298 717 317 nationis,
730 304 750 315 ac
760 298 813 315 etiam
827 298 916 321 quandam
926 304 1013 315 sumniam
1027 298 1103 321 pecunie

176 333 246 353 recepte
265 330 283 347 in
302 330 348 346 dicta
370 331 449 351 natione,
472 330 495 347 ad
514 330 620 347 mittendum
639 337 672 353 pro
692 331 774 353 negociis
790 331 880 348 facultatis
897 331 977 353 predicte
994 331 1015 347 ad
1035 330 1101 347 eni-iani

177 364 269 380 Romanam
287 363 390 385 specialiter
409 363 493 385 deputate
512 369 552 380 cuin
572 369 648 380 necesse
667 363 728 384 fuerit,
748 369 767 380 ac
787 364 840 380 etiam
859 364 989 386 cujuscumque
1009 363 1102 386 pecuniam

176 401 285 418 quacumque
298 395 394 412 occasione
408 401 440 412 seu
456 396 525 412 rationo
538 396 559 412 ad
570 396 635 413 dictam
649 396 743 412 nacionem
756 399 790 412 tam
802 402 850 412 nunc
863 402 915 418 quam
926 396 943 412 in
956 397 1022 413 futuris
1035 399 1104 418 tempo-

176 427 225 444 ribus
234 428 342 448 venientem,
353 433 385 444 sen
396 427 449 444 etiam
460 428 589 450 pertinenteim
600 428 684 445 volentes
694 434 765 444 omnem
777 428 899 445 dissensionis
909 429 1000 445 materiam
1011 431 1103 451 amputare

176 466 209 482 que
219 466 273 483 super
282 460 317 476 hiis
329 460 348 476 in
360 460 426 477 futuris
438 460 558 483 temporibus,
569 461 668 483 instigante
679 460 752 477 inimico
764 460 838 477 homine
849 461 949 477 seminante
959 461 1044 477 zizaniam
1056 461 1103 477 inter

176 493 243 513 fratres,
255 493 297 509 oriri
307 496 376 515 posset,
387 493 410 509 de
423 493 514 509 communi
528 499 619 510 consensu
633 493 714 510 omnium
728 496 811 509 nostrum
823 493 845 510 ad
857 492 891 510 hoc
904 493 1007 515 specialiter
1019 499 1041 510 ex
1054 497 1103 516 parte

175 526 295 548 procuratoris
309 529 370 542 nostre
387 526 466 542 nationis
483 531 516 548 per
530 526 640 542 servientem
655 529 738 542 nostrum
749 526 830 548 juratum
847 525 894 548 apud
912 526 995 542 Sanctum
1012 525 1103 542 Julianum

175 558 270 580 Pauperein
284 561 395 579 vocatorum,
409 558 533 575 ordinavimus
547 561 565 575 et
579 558 682 578 statuimus,
697 558 746 580 quod
761 558 808 575 dicta
822 558 898 580 pecunia
913 558 1032 580 imposterum
1046 558 1104 574 unde-

175 596 249 613 cumque
266 590 342 611 eveniat,
360 594 437 613 ponatur
453 594 471 607 et
490 590 603 607 custodiatur
619 591 638 607 in
655 590 707 607 archa
725 590 772 607 dicte
790 591 873 607 nacionis
886 591 977 607 communi
995 591 1030 607 sub
1045 590 1104 607 tribus

175 622 261 643 clavibus3
272 628 346 645 quarum
360 629 413 639 unani
426 623 517 640 custodiet
527 626 634 645 procurator
646 623 694 639 dicte
709 623 791 640 nacionis
804 629 836 646 pro
848 626 935 645 tempore,
946 629 979 645 pro
990 629 1026 645 quo
1038 629 1103 645 procu-

175 659 221 672 rator
231 655 307 672 officium
318 656 417 676 exercebit;
428 655 481 672 aliam
491 659 549 672 autem
560 655 652 672 custodiet
659 661 707 672 unus
718 655 805 678 magister
815 655 875 672 fidelis
885 655 932 672 dicte
944 655 1027 672 nacionis
1037 661 1104 678 regens

175 691 213 704 actu
228 688 245 704 in
262 688 307 705 diem
324 688 414 709 facultate,
430 688 500 705 electus
514 688 616 704 secundum
633 688 707 705 moduni
723 688 824 705 secundum
843 694 896 711 quem
911 688 940 704 alii
955 688 1041 705 officiales
1056 688 1103 704 dicte

175 721 260 741 nacionis,
274 726 305 737 seu
316 726 348 743 per
358 721 432 737 modum
439 721 527 743 juratum,
537 721 555 737 in
567 721 613 737 diem
624 721 701 737 nacione
714 720 833 743 imposterum
845 721 944 743 eligentnr;
959 721 1031 738 terciam
1044 724 1102 737 autem

174 753 261 771 custodiet
274 753 356 770 serviens
371 753 473 771 communis
487 753 535 770 dicte
548 753 636 774 nacionis,
652 759 685 776 per
695 754 819 776 juramentum
837 759 888 770 suum
902 753 986 771 astrictus
1000 759 1071 771 necnon
1087 756 1104 770 et

174 786 207 802 sub
217 792 261 808 pena
271 786 375 803 amissionis
388 786 461 803 servicii
473 786 555 802 nacionis
565 786 663 808 obligatus,
674 786 724 808 quod
734 786 756 802 ad
769 786 835 803 dictam
849 786 919 802 archam
931 792 967 803 non
977 786 1057 806 accedet,
1069 786 1103 802 nisi

174 824 195 835 ex
204 819 282 835 unanimi
295 818 426 835 deliberatione
440 818 568 841 magistrorum
581 819 599 835 in
612 819 659 835 dicta
673 818 749 835 nacione
763 819 782 835 in
794 818 864 835 artibus
876 822 915 835 actu
929 819 1038 841 regentium.
1049 824 1104 841 pecu-

174 851 219 868 niam
234 851 299 868 ibidem
314 851 399 874 ponendo
415 857 448 868 seu
462 851 515 868 etiam
531 851 656 868 removendo:
667 851 721 868 dictis
736 852 849 873 procuratori
866 857 885 868 ac
903 851 955 868 etiam
973 852 1066 874 magistro.
1082 852 1104 868 ad

174 884 237 901 dictam
247 884 322 901 clavium
335 884 436 900 custodiam
449 884 541 906 deputato,
554 890 619 906 penam
632 884 754 906 imponentes,
765 884 815 907 quod
825 885 841 901 si
851 884 873 901 ad
885 884 949 901 dictam
962 884 1034 901 arellam
1044 890 1104 901 acces-

174 916 235 937 serint,
246 922 278 933 seu
288 916 333 933 alter
343 922 413 935 eorum,
424 917 459 933 nisi
472 916 495 933 de
507 917 598 933 communi
611 916 695 933 mandato
708 917 790 933 nacionis
803 920 820 933 et
834 916 932 939 cujuslibet
944 917 1026 939 magistri
1036 916 1104 933 ibidem

174 949 252 972 regentis
267 949 285 965 in
299 949 382 966 facultate
397 949 484 971 predicta,
499 955 508 965 a
521 949 569 966 dicte
583 949 666 966 nacionis
686 949 778 966 consortio
796 949 870 966 eosdem
884 949 924 966 sine
937 955 968 972 spe
984 949 1104 966 revocationis

174 987 205 998 seu
218 981 369 998 reconsiliationis
380 981 398 998 in
409 985 516 1004 perpetuum
527 982 628 1004 privamus3
639 981 745 998 ordinantes
755 981 832 1004 insuper
842 987 861 998 ac
872 981 924 998 etiam
937 985 1044 1002 statuentes,
1055 981 1104 1003 quod

174 1014 249 1036 quilibet
258 1014 327 1031 electus
337 1014 355 1030 iu
366 1017 502 1036 procuratorem
515 1014 534 1030 in
545 1014 621 1031 nacione
631 1014 712 1037 predicta
722 1014 848 1036 imposterum,
864 1014 898 1030 suh
910 1014 973 1031 eadem
986 1020 1039 1036 pena,
1050 1020 1104 1036 pecu-

174 1046 220 1063 niam
236 1047 304 1063 ratione
322 1046 375 1062 oflicii
391 1050 481 1069 receptam
497 1046 519 1063 de
534 1046 680 1063 obvencionihus
695 1046 743 1063 dicte
758 1046 847 1067 nacionis,
862 1052 894 1063 sen
908 1046 963 1063 eciam
978 1047 1104 1069 undecumque

174 1078 220 1095 dicte
238 1078 319 1095 nacionis
340 1079 431 1099 obveniat=
451 1079 619 1102 quocienscumque
641 1082 701 1095 autem
722 1079 740 1095 in
759 1079 842 1101 predicto
862 1079 921 1095 officio
942 1079 1052 1096 succedente
1073 1085 1105 1102 per

174 1112 280 1128 servientem
290 1112 377 1133 juratum,
390 1115 445 1133 prout
453 1112 512 1132 decet,
523 1115 598 1128 vocatus
608 1112 663 1128 fuerit
673 1112 695 1128 ad
705 1112 805 1128 faciendam
816 1112 927 1128 refusionem
938 1112 985 1128 dicte
996 1112 1072 1134 pecunie
1082 1112 1104 1128 ab

174 1149 195 1160 eo
208 1147 279 1166 recepte
295 1149 327 1159 seu
343 1143 395 1160 etiam
410 1144 489 1160 monitus
503 1144 578 1160 eandem
594 1144 648 1166 plene
662 1147 680 1160 et
693 1144 764 1167 integre
778 1144 823 1160 infra
838 1144 916 1160 triduum
931 1150 939 1160 a
952 1144 981 1160 die
995 1145 1041 1161 dicte
1055 1150 1104 1161 voca-

174 1176 231 1192 cionis
241 1181 272 1192 seu
283 1176 398 1196 monicionis,
410 1176 490 1198 predicte
501 1176 572 1193 nacioni
582 1176 604 1193 ad
615 1176 649 1192 hoc
660 1176 763 1199 specialiter
774 1179 848 1193 vocatus
859 1176 955 1193 refundere
968 1179 1058 1196 teneatnr3
1069 1182 1104 1198 que

174 1208 248 1230 pecunia
264 1213 297 1230 per
313 1208 371 1224 dictos
388 1208 491 1230 deputatos.
509 1208 594 1225 videlicet
611 1211 755 1231 procuratorem,
772 1209 886 1231 magistrum,
904 1209 1013 1225 servientem
1030 1208 1052 1225 ad
1071 1208 1104 1225 hoc

174 1240 249 1257 electum
260 1246 269 1257 a
279 1240 358 1263 predicta
368 1240 445 1257 nacione
455 1241 474 1257 in
484 1240 537 1257 archa
548 1241 635 1263 predicta,
646 1246 687 1257 cum
698 1240 807 1263 quibusdam
821 1241 911 1263 adjunctis
921 1247 942 1257 ex
952 1244 1002 1263 parte
1016 1241 1104 1261 nacionis,

174 1273 213 1290 sine
222 1273 291 1293 fraude,
301 1273 351 1289 omni
361 1273 451 1290 dilacione
464 1273 572 1296 postposita,
582 1273 636 1295 plene
647 1276 665 1290 et
674 1273 746 1295 integre
755 1276 861 1296 reponetur.
872 1273 900 1290 Ad
911 1273 945 1290 hec
955 1276 1014 1290 autem
1028 1273 1105 1290 tenenda

174 1309 191 1322 et
200 1305 327 1322 inviolabiliter
336 1306 457 1326 observanda,
468 1311 532 1322 omnes
542 1309 670 1328 procuratores
681 1305 791 1328 quicumque
802 1306 819 1322 in
834 1306 910 1322 nacione
924 1306 1004 1328 predicta
1021 1306 1105 1322 decetero

234 1336 249 1344 n
258 1334 304 1346 cnam.
315 1334 355 1346 Uni-2.
365 1334 412 1346 Paro.
421 1334 437 1348 ιι,
446 1334 457 1345 1.
1036 1333 1044 1344 t
