1273 1538
174 44 208 62 498
471 50 629 62 cunrvumuu
645 49 740 61 uvivum.
758 49 823 61 nnis.
1053 41 1098 60 [1340

176 86 244 103 diendo
254 86 344 104 mandatis
354 86 400 104 dicta
411 86 506 110 privilegia
516 87 571 104 nobis
580 92 613 110 per
623 89 683 103 certos
693 92 755 103 eorum
766 86 840 103 nuntios
850 85 969 103 destinarunt.
979 85 1058 108 Cumque
1067 90 1098 102 nos

177 119 267 136 dictorum
282 120 420 143 privilegiorum
431 120 526 137 tenoribus
537 119 636 143 diligenter
649 119 723 136 attentis
735 119 751 136 si
764 125 820 142 super
833 119 859 136 eis
873 119 968 142 providere
981 118 1071 140 vellemus,
1080 121 1098 135 ut

176 155 195 170 et
208 152 237 170 illa
251 153 281 170 alii
296 159 333 170 non
347 152 468 176 infringerent
479 156 497 169 et
509 156 543 169 tarn
557 153 600 170 dicti
613 152 695 176 magistri
707 156 726 169 et
735 152 815 169 scolares
828 158 880 175 quam
893 155 1028 169 conservatores
1040 157 1097 168 eorum

176 186 296 209 imposterum
306 186 389 209 ipsorum
398 186 487 203 terminos
495 191 532 202 non
540 186 645 206 transirent,
654 191 674 203 ac
683 185 794 209 provisionis
805 185 909 209 hujusmodi
919 191 952 208 per
962 191 995 202 nos
1005 190 1057 208 super
1065 184 1097 202 hiis

176 219 259 236 faciende
272 219 343 236 litteras
355 221 454 242 oportunas
468 218 517 235 bulla
531 222 592 235 nostra
606 218 684 235 munitas
698 223 843 241 proponeremus
855 218 909 235 dictis
918 218 1009 241 magistris
1018 222 1035 235 et
1043 218 1096 235 scola<

177 251 229 269 ribus
238 258 271 275 per
281 251 340 269 dictos
353 251 427 268 nuntios
437 251 529 269 destinare
539 257 542 268 :
551 251 606 269 iidem
618 251 677 269 nuntii
688 251 757 269 eisdem
770 251 836 269 litteris
846 251 914 269 nostris
923 251 996 269 minime
1007 251 1098 274 expectatis

177 285 200 302 de
210 285 289 301 Romana
304 285 354 302 curia
369 284 469 301 illicentiati
484 285 524 301 sine
539 288 601 302 nostra
614 285 726 302 conscientia
739 288 807 302 temere
820 288 941 302 recesserunt.
956 285 1001 307 Quia
1013 285 1065 308 igitur
1075 285 1098 302 nil

177 317 281 334 obedientia
291 317 389 340 prodesset
401 316 501 335 humilibus
512 318 527 335 si
537 321 652 341 contemptus
664 318 813 335 inobedientibus
823 324 859 335 non
869 318 950 339 obesset,
962 318 1039 341 predicta
1048 318 1098 341 privi-

176 350 225 374 legia
241 350 341 373 apostolica
357 351 445 374 predictis
461 351 554 375 magistris
571 355 589 368 et
605 351 707 368 scolaribus
724 357 812 369 concessa
826 355 843 369 et
857 357 928 368 omnem
946 357 1006 369 eorum
1022 351 1098 369 effectum

178 389 237 407 usque
244 384 266 401 ad
275 388 357 401 nostrum
369 384 502 408 beneplacitum
509 388 576 407 >tenore
586 385 699 408 presentium
710 385 794 402 duximus
805 384 939 408 suspendenda.
949 385 1035 407 Quocirca
1043 385 1099 403 frater-

178 417 229 435 nitati
244 421 274 434 tue
284 424 317 441 per
331 417 430 441 apostolica
446 418 512 441 scripta
525 418 608 435 districte
620 418 738 441 precipiendo
752 418 858 435 mandamus
871 418 955 441 quatinus
968 418 1098 441 suspensionem

178 450 283 474 hujusmodi
294 451 312 468 in
323 452 384 469 studio
398 451 497 469 Parisiensi
507 455 526 469 et
534 451 580 469 locis
593 451 633 469 aliis
644 451 675 468 ubi
688 451 774 474 expedire
783 451 852 469 videris
863 452 968 469 auctoritate
977 455 1036 469 nostra
1045 452 1099 475 publi-

177 490 218 502 care
226 490 322 508 procures,
331 484 468 508 significaturus
476 485 530 502 nobis
540 491 572 508 per
579 485 649 502 litteras
660 488 699 502 tuas
707 484 794 508 quicquid
805 490 860 508 super
869 484 905 502 hiis
915 484 988 502 duxeris
998 485 1098 503 faciendum.

178 518 217 535 Dat.
229 518 319 535 Avinione
329 525 341 535 x
350 519 385 536 kal.
396 518 463 539 Martii,
473 524 520 535 anno
531 521 588 535 sexto.

225 567 257 583 Περ.
264 567 293 580 ναι
301 567 363 580 Avenlon.
371 567 438 579 Benedicti
444 567 472 582 ΧΠ,
480 567 506 580 vol.
514 567 543 583 vn,
550 567 573 579 tol,
581 567 600 579 ²1.
608 567 671 579 lustrum.
679 567 734 579 miscell⁴
742 567 778 582 1340,
786 567 842 583 epistola
850 567 899 579 fiunem
907 567 983 579 documento
990 567 1002 579 n¹
1009 568 1074 584 nequeatis.

225 610 237 622 1.
246 610 261 622 V.
269 613 310 625 supra
318 611 333 621 n·
339 609 375 624 1⁰21,
383 610 396 621 et
402 609 437 621 inti-n
444 611 458 621 ιιυ
465 609 500 622 10⁵⁵.

181 673 252 692 1034.
263 678 338 695 normas,
347 678 423 696 episcopus
431 677 547 696 summatem„
555 678 632 692 samam„
639 678 669 691 XII
673 678 728 696 norwit,
736 682 752 691 ,ε
760 677 817 691 litteras
827 678 845 692 ae
855 678 948 696 suspensione
953 677 1055 696 privilegiorum
1062 678 1101 692 pm.

223 702 250 716 set-1
256 702 345 721 publicasse.

791 721 830 737 13⁴0,
838 721 868 734 uni}
872 721 885 736 5,
893 721 906 736 θ’,
913 721 969 734 θαι-ΜΚ

223 755 342 773 Sanctissimo
356 756 374 773 in
388 754 462 773 Christo
475 756 522 780 patri
535 762 555 773 ac
569 756 643 773 domino
658 762 692 773 suo
705 756 801 774 carissimo
815 756 888 774 domino
901 756 921 773 B.
937 756 990 779 digna
1003 756 1034 773 Dei
1046 756 1101 779 provi-

177 789 238 807 denu‘a
249 793 364 807 sacrosancte
375 790 455 807 Romane
462 796 483 807 ac
492 789 600 807 universalis
611 789 689 807 ecclesie
699 796 770 807 summo
779 790 866 813 pontifici,
875 795 920 807 suus
928 789 1000 807 humilis
1008 793 1025 807 et
1031 789 1101 807 devotus

177 823 269 840 Robertus
280 823 314 840 Dei
329 823 422 846 paciencia
435 823 566 841 Silvanetensis
575 824 612 846 (sic)
624 823 702 841 ecclesie
712 824 795 841 minister
805 823 849 841 licet
859 823 947 847 indignus
957 829 996 840 cum
1007 823 1035 840 sui
1043 823 1101 840 humili

177 857 341 874 recomendacione
355 857 473 874 devotissima
483 857 549 880 pedum
563 857 625 874 oscula
640 856 741 874 beatorum.
753 857 856 874 Sanctitatis
868 860 928 874 vestre
942 857 1010 874 litteras
1022 863 1052 880 per
1061 857 1101 874 Lau-

177 890 259 907 rencium
270 890 292 907 de
302 890 398 908 Pressiaco
409 890 468 913 ipsius
479 890 578 908 sanctitatis
588 896 682 907 cursorem
694 890 723 907 die
731 891 780 914 jovis
790 890 953 913 vicesimaseptiina
964 890 1030 907 mensis
1039 890 1101 913 Aprilis

177 923 226 946 apud
239 923 312 941 domurn
327 924 350 941 de
362 923 456 941 Montibus
470 923 601 941 Silvanetensis
614 924 694 941 diocesis
707 923 762 941 michi
773 928 886 947 presentatas
898 930 938 941 cum
950 930 984 947 qua
997 924 1044 947 potui
1054 929 1099 941 reve-

177 957 238 974 rencia
256 963 284 974 me
301 958 389 975 noveritis
403 957 496 980 recepisse
511 958 586 975 sormam
602 963 637 981 que
651 957 735 981 sequitur
751 957 880 975 continentes:
892 965 900 973 α
913 957 1020 975 Benedictus
1035 957 1099 981 episco-

177 996 212 1014 pus
219 997 236 1012 »,
246 993 278 1008 etc.
289 991 392 1014 Sequuntur
399 991 472 1008 litterae
479 996 534 1014 supra
542 993 561 1008 11¹¹
572 991 615 1008 1033
624 990 689 1008 editae.

222 1023 293 1046 Quibus
310 1030 351 1041 cum
368 1024 469 1042 reverentia
489 1025 567 1048 receptis
587 1025 669 1042 Parisius
686 1025 756 1048 absque
774 1031 824 1042 mora
842 1025 918 1042 veniens
938 1025 1033 1042 discretum
1048 1025 1101 1042 virum

176 1061 267 1074 rectorem
281 1057 329 1074 dicte
345 1058 473 1075 Universitatis
486 1064 526 1075 cum
541 1058 629 1075 instancia
644 1058 738 1081 requisivi,
754 1062 774 1075 ut
788 1058 868 1075 studium
884 1058 986 1075 Parisiense
1002 1058 1101 1081 congregari

176 1091 244 1108 faceret
253 1091 275 1108 ad
288 1090 342 1108 finem
357 1091 407 1114 quod
420 1091 522 1108 mandatum
537 1091 657 1114 apostolicum
671 1091 689 1108 in
703 1091 761 1115 ipsius
773 1091 829 1108 studii
843 1091 937 1115 presencia
950 1091 1062 1115 publicarem.
1078 1092 1101 1109 Ac

177 1124 244 1141 deinde
259 1124 277 1141 in
291 1124 438 1148 congregacione
452 1124 534 1148 generali
548 1124 596 1142 dicte
611 1124 740 1142 Universitatis
755 1125 793 1142 sive
808 1125 863 1142 studii
878 1125 986 1142 Parisiensis
999 1125 1017 1142 in
1030 1125 1101 1148 capitulo

177 1158 237 1175 Sancti
251 1158 337 1175 Maturini
353 1157 461 1175 parisiensis
476 1158 506 1175 die
516 1158 596 1180 veneris,
611 1158 673 1181 quinta
688 1158 757 1175 mensis
771 1158 821 1180 Maii,
835 1164 867 1181 per
881 1158 946 1175 dictum
962 1162 1047 1176 rectorem
1059 1158 1102 1176 cele-

177 1191 227 1208 brata
242 1191 260 1208 in
274 1191 370 1215 presencia
385 1191 464 1214 plurium
480 1191 608 1214 magistrorum
623 1192 642 1208 in
657 1191 756 1215 theologie,
770 1191 892 1213 decretorum,
907 1191 995 1209 medicine
1011 1195 1029 1209 et
1043 1192 1101 1209 artium

176 1224 292 1242 facultatibus
305 1225 409 1248 regentium
424 1224 572 1248 notariorumque
582 1224 698 1248 publicorum
708 1228 727 1241 et
740 1225 813 1242 testium
823 1225 979 1248 infrascriptorurn
989 1225 1053 1242 ibidem
1063 1226 1101 1243 assi·

177 1258 263 1275 stentium
276 1258 334 1276 dictas
346 1258 465 1275 beatitudinis
475 1262 536 1275 vestre
546 1258 615 1275 litteras
629 1258 651 1275 de
663 1258 720 1275 verbo
730 1258 752 1275 ad
767 1258 843 1275 verbum
859 1258 896 1282 legi
913 1259 954 1281 feci,
970 1262 987 1276 et
1003 1259 1101 1276 solemniter

176 1292 273 1315 publicavi.
289 1292 325 1314 Qui
339 1292 422 1315 magistri
436 1292 501 1309 dictam
516 1292 658 1309 Universitatem
670 1295 818 1315 representantes
831 1292 904 1310 easdem
917 1292 986 1310 litteras
998 1299 1036 1310 curn
1048 1293 1101 1311 humi-

176 1325 226 1343 litate
237 1328 255 1343 et
264 1325 368 1343 obedientia
379 1325 446 1342 debitis
455 1325 558 1343 audierunt.

238 1355 259 1367 ω.
