1273 1538
179 53 222 72 1³36]
367 59 391 71 n
408 59 460 70 nno
477 58 594 70 mcci-xxxvi
612 58 679 73 usqua
696 59 720 70 Λο
736 59 806 70 aarum
822 58 893 70 necor..
1064 53 1097 70 457

179 97 220 115 cium
233 96 307 117 trahere,
323 102 417 119 quousque
433 95 485 118 nigra
502 95 541 112 saba
558 95 580 112 ab
597 95 658 118 aliquo
674 95 797 119 predictorum
814 95 949 118 magistrorum,
963 99 1037 119 propter
1051 95 1098 112 elec-

180 131 239 148 tionem
252 135 339 153 quamque
353 129 378 146 ihi
391 132 495 146 vocatorum
508 132 526 146 et
539 132 699 152 congregatorum,
714 129 738 146 sit
749 129 828 146 inventa
841 129 918 151 Ipsaque
932 128 984 152 nigra
996 128 1018 146 ab
1030 129 1098 152 aliquo,

179 163 227 181 modo
238 163 323 186 predicto,
337 163 416 183 inventa,
430 162 515 179 inventor
524 162 583 185 ipsius
593 162 652 185 nigre,
663 162 682 179 in
697 163 791 185 presencia
804 162 863 179 tocius
876 162 962 183 nationis,
972 161 1027 179 debet
1041 158 1106 189 nomi-*vy

179 202 217 214 nare
226 197 302 219 quinque
312 197 388 213 aliorum
398 196 534 219 magistrorum,
545 196 645 213 secundum
657 196 686 213 sui
695 195 773 217 libitum,
782 196 876 217 honestos,
885 195 996 213 sufficientes
1005 199 1024 213 et
1032 195 1106 213 bonos-'-

180 231 199 247 Et
207 229 231 247 illi
241 230 325 253 quinque,
335 230 357 247 ab
367 230 407 252 ipso
420 229 515 247 inventore
526 230 647 252 personaliter
657 230 751 250 nominati,
764 235 797 253 per
809 229 876 246 dictum
889 232 1021 253 proponentem
1032 229 1100 246 debent

180 263 220 281 mitti
231 264 252 281 ad
261 263 363 287 eligendum
374 266 391 280 et
403 263 505 280 faciendum
519 263 614 281 officialem
629 269 662 281 seu
675 263 762 281 officiales
775 263 793 281 in
806 263 886 287 predicta
899 263 974 281 nacione
986 263 1099 285 deficientes,

179 301 195 315 et
203 297 231 314 illa
242 297 284 315 hora
297 297 402 321 eligendos3
416 300 434 314 et
447 297 503 314 debet
517 297 610 320 predictus
623 303 728 320 proponens
742 303 774 314 eos
786 297 874 321 quinque,
887 304 896 314 a
909 297 991 320 predicto
1005 297 1099 315 inventore

179 331 280 352 nominatos,
296 331 422 353 sollempniter
436 334 453 348 et
468 330 541 353 publice
558 331 617 348 facere
631 331 694 354 jurare
711 336 771 348 coram
786 334 822 348 tota
837 331 919 352 nacione,
934 331 983 354 quod
1000 331 1067 348 bonum
1083 334 1100 348 et

179 364 273 386 honesturn,
288 370 320 381 seu
333 364 392 382 bonos
404 367 422 381 et
433 364 529 385 honestos,
539 364 555 381 si
565 364 628 388 plures
642 364 679 381 sint
690 364 778 387 eligendi,
789 370 809 381 ac
819 364 875 381 eciam
885 364 996 382 sufficientes
1008 365 1030 382 ad
1042 364 1100 382 hono—

180 404 212 415 rem
224 401 241 414 et
252 398 349 421 profectum
362 398 417 415 totius
430 397 520 419 nacionis,
534 398 583 415 omni
597 398 639 415 dolo
654 401 672 415 et
684 397 747 415 fraude
761 397 842 418 remotis,
856 397 925 420 eligent
938 402 1012 421 propter
1021 398 1100 415 officium

180 437 207 448 seu
220 431 274 448 officia
288 431 335 449 dicte
348 431 430 448 nacionis
445 432 554 453 exercenda,
567 431 601 448 hoc
615 435 675 448 tamen
689 431 757 452 addito,
772 431 821 454 quod
836 431 852 448 si
864 431 947 448 inventor
960 431 1000 448 fabe
1013 431 1065 454 nigre
1077 431 1101 448 sit

180 468 225 482 ortus
237 465 336 482 immediate
349 465 371 482 de
385 464 478 488 provincia
492 470 524 482 seu
537 464 694 488 archiepiscopatu
705 464 853 487 Rothomagensi,
867 464 922 482 debet
933 464 1003 482 mittere
1014 468 1032 482 et
1042 465 1099 482 nomi-

180 504 218 515 nare
226 501 261 515 tres
271 502 320 515 ortos
332 499 354 516 de
368 498 414 515 dicta
428 498 520 521 provincia
531 504 563 515 seu
573 498 596 515 de
606 498 655 515 dicto
665 497 829 521 archiepiscopatu,
839 502 856 515 et
866 498 912 515 duos
921 498 943 515 de
953 504 985 515 sex
995 498 1100 515 diocesibus

180 538 207 549 seu
217 532 347 554 episcopatibus
356 531 385 549 vel
396 532 496 555 provinciis
510 531 544 548 suh
559 531 607 548 dicto
622 532 728 555 episcopatu
743 532 840 549 contentis.
856 532 878 548 Et
891 531 906 548 si
921 531 1005 549 inventor
1019 531 1100 554 predicte

180 565 226 588 nigre
235 565 273 582 fabe
283 565 306 582 sit
315 568 366 582 ortus
376 565 398 582 de
408 564 469 587 aliquo
480 571 512 582 sex
522 565 659 587 episcopatuum
670 565 800 587 predictorum,
811 565 865 582 modo
875 564 966 582 consimili
977 564 1031 582 debet
1043 565 1101 581 nomi-

179 604 217 615 nare
226 598 320 615 nat—mittere
330 599 352 615 ad
362 598 473 615 voluntatem
484 604 534 615 suam
544 601 583 615 tres
593 601 643 615 ortos
656 598 679 615 de
693 598 746 615 dictis
759 598 895 622 episcopatibus
908 601 926 615 et
939 598 986 615 duos
996 598 1018 615 de
1031 598 1101 615 archie-

179 631 270 654 piscopatu.
282 632 303 649 Et
313 632 328 649 si
338 631 436 654 contigerit
444 631 494 654 quod
504 637 541 648 non
552 635 615 648 essent
623 631 649 658 ibi
661 635 699 648 tres
709 632 744 648 orti
759 632 781 649 de
796 631 958 655 archiepiscopatu,
973 631 1002 648 vel
1016 637 1025 648 e
1039 634 1100 649 contra

179 671 211 682 non
219 668 278 682 essent
291 665 316 682 ibi
331 668 367 682 tres
381 664 417 681 orti
431 664 453 681 de
467 670 500 682 sex
514 658 656 688 episcopatibus„
667 671 755 682 numerus
768 665 861 687 predictus
876 665 989 688 eligentium,
999 665 1099 682 secundum

178 698 279 715 volummem
289 698 389 715 inventoris
399 698 451 721 nigre
461 698 509 729 sake,
520 697 575 715 debet
584 698 647 721 persici
657 698 680 715 de
690 698 727 715 illis
737 698 768 721 qui
778 689 821 715 suxit
830 698 849 715 in
860 698 925 721 plurali
932 704 1015 715 numero.
1024 698 1046 715 Et
1056 698 1072 715 si
1082 698 1100 715 in

179 731 220 748 dicta
231 731 304 748 nacione
317 733 359 752 [uon
371 731 425 753 sint?]
438 731 460 748 ad
472 731 534 748 minus
544 731 624 754 quinque
634 731 663 748 vel
673 737 705 748 sex
717 734 810 754 regentes,
820 737 840 748 ac
849 731 904 748 eciam
915 731 1015 749 secundum
1025 731 1099 748 formam

179 764 268 788 predictam
278 765 335 782 vocati
345 768 363 782 et
373 764 479 788 congregati
490 764 511 782 ad
522 764 627 788 eligendum
638 767 656 782 et
665 764 767 782 faciendum
778 764 872 782 officialem
880 771 912 782 seu
921 764 1007 782 officiales
1017 771 1099 788 quosque

179 798 282 819 deficientes,
292 798 360 821 eligere
371 804 407 815 non
418 802 528 821 presumant.

218 832 254 849 Hiis
268 836 324 849 autem
338 832 418 855 quinque
433 832 460 848 sic
471 831 494 848 ab
509 832 604 849 inventore
619 831 672 854 nigre
688 831 728 849 fabe
744 831 848 852 nominatis,
863 837 883 848 ac
894 831 946 848 etiam
959 831 982 848 ad
995 831 1100 855 eligendum

178 871 207 888 pro
216 868 293 888 tempore
306 871 338 888 per
352 868 484 888 proponentem
499 865 567 886 missis,
582 871 601 882 ac
615 865 675 886 etiam,
688 865 788 882 secundum
802 865 875 882 modum
885 868 903 882 et
912 865 987 882 formam
1001 865 1099 888 predictos,

178 904 231 915 coram
245 901 279 915 tota
293 898 368 915 nacione
380 898 453 920 juratis,
467 898 535 915 debent
545 901 587 915 tunc
597 898 624 915 illi
635 898 716 921 quinque
726 904 746 915 se
756 899 778 915 ad
789 902 857 921 partem
869 897 947 919 trahere,
958 901 976 915 et
986 898 1009 915 ad
1020 898 1098 921 aliquem

177 932 225 949 alium
235 932 291 949 locum
302 931 346 949 satis
355 931 477 955 propinquum
489 931 583 953 accedere,
593 935 611 948 et
625 931 720 948 officialem
734 937 767 948 seu
781 931 867 948 officiales
882 931 900 948 in
914 931 960 948 dicta
970 931 1046 948 nacione
1056 931 1101 949 defi-

178 965 240 982 cientes
252 965 326 988 eligere,
336 971 356 982 ac
366 966 425 982 facere
435 965 536 982 secundum
549 965 624 982 formam
636 964 778 988 subsequentem
793 970 829 988 que
843 964 885 982 talis
897 968 930 982 est.
944 965 996 987 Quod
1009 965 1024 982 si
1037 970 1100 982 omnes

178 998 201 1015 illi
210 999 285 1021 quinque
295 999 321 1016 sic
331 998 382 1015 missi
393 1001 410 1015 et
417 998 473 1020 jurati
484 998 506 1015 ad
517 998 622 1021 eligendum
640 998 658 1015 in
676 1003 731 1015 unum
743 998 825 1021 ipsorum
836 997 922 1021 quinque.
933 1003 966 1015 seu
976 998 995 1015 in
1005 998 1099 1021 quemdam

178 1032 225 1049 alium
244 1032 365 1055 predictorum
381 1032 510 1054 magistrorum
529 1035 569 1048 actu
587 1031 605 1048 in
622 1031 707 1048 facultate
722 1031 790 1048 arcium
809 1035 826 1048 et
842 1031 889 1048 dicta
906 1031 982 1048 nacione
999 1032 1100 1054 regentium

178 1065 273 1083 concordati
282 1065 349 1083 fuerint
362 1068 379 1082 et
393 1065 444 1086 uniti,
460 1064 515 1082 debet
525 1065 556 1082 ille
571 1065 598 1082 sic
611 1065 680 1082 electus
699 1068 716 1082 et
734 1065 855 1082 concordatus
872 1064 949 1082 officium
969 1071 1001 1088 pro
1019 1068 1100 1088 tempore

177 1102 246 1116 venturo
258 1098 345 1116 obtinere.
357 1099 375 1116 Si
386 1101 446 1115 autem
457 1098 481 1115 sit
494 1098 586 1115 discordia
598 1098 646 1115 inter
660 1104 693 1115 eos
705 1098 792 1122 quinque,
808 1101 826 1115 et
840 1098 859 1115 in
871 1104 926 1115 unum
941 1099 1051 1115 concordare
1063 1104 1099 1115 non

178 1132 267 1154 potuerint,
278 1135 296 1149 ct
305 1132 342 1149 sint
351 1135 388 1149 tres
398 1138 421 1149 ex
431 1138 466 1149 una
478 1135 528 1154 parte
539 1135 557 1149 et
571 1132 607 1149 duo
620 1137 643 1148 ex
655 1131 696 1153 alia,
716 1132 772 1155 petito
789 1131 900 1149 sufficienter
916 1137 1007 1149 consensu
1023 1132 1100 1149 aliorum

177 1165 246 1183 duorum
257 1171 291 1183 non
302 1165 454 1183 concordanciuin
465 1171 497 1188 per
507 1165 586 1188 aliquem
597 1165 651 1182 trium
663 1165 819 1186 concordantium,
831 1165 862 1182 ille
873 1165 904 1188 qui
914 1171 923 1182 a
933 1165 992 1182 tribus
1003 1168 1031 1182 est
1042 1165 1100 1182 nomi-

177 1202 223 1216 natus
235 1202 252 1216 et
263 1199 382 1216 concordatus
393 1198 447 1215 debet
457 1198 536 1215 officium
549 1204 582 1222 pro
592 1202 674 1222 tempore
685 1198 745 1216 suturo
756 1198 848 1220 ohtinere;
859 1202 877 1216 et
890 1199 953 1216 eodem
966 1198 1027 1220 modo,
1038 1198 1054 1215 si
1064 1198 1101 1216 sint

177 1235 246 1255 quatuor
255 1232 277 1249 ad
287 1238 341 1249 unum
352 1235 370 1249 et
381 1238 428 1249 unus
438 1237 471 1255 per
481 1237 508 1253 se,
519 1238 554 1249 vox
564 1232 626 1253 unius,
637 1238 671 1249 suo
686 1232 742 1255 petito
757 1238 856 1253 consensu„
870 1238 907 1249 non
920 1235 980 1255 potest
992 1231 1100 1249 electionem

176 1264 246 1282 aliorum
255 1265 348 1289 impedire.
360 1266 378 1283 Si
388 1269 448 1283 autem
458 1265 507 1283 inter
516 1271 548 1283 eos
558 1265 614 1283 fuerit
623 1265 715 1283 discordia
726 1266 773 1288 talis,
784 1266 834 1290 quod
844 1266 879 1283 duo
887 1265 1000 1283 concordent
1008 1265 1027 1283 in
1038 1272 1100 1289 unum,

177 1302 192 1315 et
201 1299 234 1316 duo
243 1299 261 1315 in
271 1299 365 1322 quemdam
375 1299 436 1320 alium,
448 1302 465 1316 et
475 1300 521 1316 alter
530 1299 550 1316 in
562 1299 638 1316 tercium
651 1299 713 1320 alium,
727 1299 757 1317 vel
766 1299 844 1323 quilibet
857 1305 889 1323 per
902 1306 922 1317 se
936 1300 955 1317 in
968 1299 1022 1317 aliurn
1038 1306 1100 1322 unum,

176 1331 216 1349 hora
225 1332 303 1354 predicta
313 1335 425 1353 transeunte,
436 1336 454 1350 et
464 1335 545 1355 tempore
556 1336 574 1350 et
582 1332 628 1350 hora
637 1339 647 1350 a
657 1333 745 1356 predictis
759 1333 852 1357 magistris
865 1339 902 1351 non
915 1334 1027 1357 dispensato,
1041 1340 1100 1358 neque

233 1362 248 1371 u
257 1361 303 1374 enan.
314 1361 353 1374 vnsv.
362 1361 408 1374 Parc⁴
418 1361 434 1376 Π,
443 1361 455 1374 1.
1024 1364 1039 1376 ει
