1273 1538
177 52 212 69 398
468 58 626 70 cnam-unimur(
643 58 737 70 univsuS.
756 59 820 70 mnis.
1053 50 1096 69 [1332

178 94 261 116 ejusdem
272 94 314 115 diei,
326 94 441 117 pontificatus
451 95 519 111 domini
530 95 587 112 nostri
598 100 642 118 pape
653 95 730 117 predicti
740 101 787 111 anno
795 95 866 111 decimo
874 97 930 115 sexto,
939 99 997 110 coram
1006 93 1096 110 reverendo

179 126 197 143 in
208 127 282 144 Christo
292 131 342 150 patre
353 131 370 144 et
380 127 453 144 domino
464 127 538 144 domino
547 128 631 150 Hugone,
643 127 676 144 Dei
686 128 743 150 gratia
753 128 851 144 Parisiensi
861 127 954 150 episcopo,
962 126 1023 149 judice
1032 126 1081 143 unico
1089 132 1097 143 a

177 159 253 177 domino
266 166 310 183 papa
325 166 380 183 super
394 160 488 183 premissis
502 160 550 180 dato,
564 163 584 177 ut
596 160 693 182 prefertur,
708 160 726 176 in
740 160 794 177 domo
809 160 924 176 habitaiionis
941 159 1020 182 ejusdem
1036 159 1097 176 domini

177 193 267 216 episcopi,
278 193 297 209 in
307 193 386 210 claustro
397 193 502 213 Parisieusi,
512 192 530 209 in
540 192 575 209 mei
586 192 651 209 notarii
661 192 729 215 publici
740 196 756 209 et
766 193 839 209 testium
854 193 900 209 infra
912 192 1018 214 scriptorum
1030 198 1097 214 presen-

179 226 208 246 tia,
220 226 340 249 personaliter
349 225 497 247 comparentibus
507 228 523 241 et
534 225 634 241 astantibus
645 225 698 241 dictis
708 225 817 242 cancellario
827 228 845 242 et
855 225 940 247 magistro
951 225 1002 241 Petro
1012 225 1033 241 de
1042 225 1096 247 Capite

178 259 246 281 Stagno
257 265 289 281 pro
299 264 319 275 se
330 259 381 281 ipsis,
392 264 414 274 ex
424 264 457 274 nna
469 261 525 280 parte,
535 261 553 274 et
563 258 648 274 Guidone
658 258 718 278 Fabri,
729 258 803 278 clerico,
814 262 937 281 procuratore,
948 261 965 274 et
978 258 1096 280 procuratoriis

178 291 284 308 nominibus
293 291 383 307 facultatis
393 294 411 307 et
420 293 522 307 ceterorum
532 290 660 312 magistrorum
672 291 802 313 predictorum,
817 294 834 307 et
849 297 881 313 pro
897 291 948 313 ipsis,
959 296 980 307 ex
994 290 1026 307 alia
1039 293 1095 312 parte:

178 323 237 340 dictus
247 323 332 340 dominus
340 323 438 345 episcopus
452 323 567 343 Parisiensis,
582 329 614 345 pro
629 323 679 339 hono
692 323 741 346 pacis
755 323 884 344 et'concordie
898 323 974 346 partium
987 323 1096 346 predictarum

176 356 254 378 cupiens
264 359 282 372 et
291 355 355 372 volens
365 361 397 378 pro
409 361 463 378 posse
473 355 523 378 ipsas
532 358 593 378 partes
603 355 624 372 ad
634 356 752 372 concordiam
760 356 857 376 deducere,
867 359 883 372 et
892 356 919 373 eis
927 361 998 378 parcere
1007 355 1096 376 laboribus,

178 388 226 405 odiis
240 391 258 404 et
271 388 365 411 expensis3
376 388 442 405 habitis
452 388 506 405 etiam
517 394 572 410 super
582 388 677 410 premissis
691 394 731 405 cum
739 388 853 411 jurisperitis
864 392 881 405 et
894 388 934 405 aliis
947 388 981 405 side
992 388 1049 411 dignis
1063 394 1098 411 per-

177 421 229 438 sonis
239 421 355 441 consilio...<;
367 427 423 443 super
433 421 518 438 omnibus
528 424 546 437 et
555 421 634 444 singulis
650 424 683 438 tam
699 421 786 444 predictis
800 427 851 444 quam
867 421 907 438 aliis
921 421 1016 438 discordiis
1030 421 1096 444 partium

177 454 298 476 predictarum
312 458 329 471 et
340 454 411 476 utrique
422 454 467 477 parti
476 454 602 471 adherentium
613 454 766 476 quibuscumque,
777 454 845 470 dictum
860 460 912 471 suum
927 460 959 471 seu
972 460 1020 470 suam
1033 457 1098 471 senten-

177 487 220 503 tiam
231 490 249 503 et
258 487 398 506 ordinationem,
408 487 426 503 in
437 487 512 508 quadam
523 486 615 507 cedula,...
626 490 710 509 tanquam
718 487 776 509 judex
793 492 802 503 a
817 487 861 503 scde
872 487 969 509 apostolica
979 487 1074 509 delegatus,
1084 491 1099 504 et

178 523 262 542 tanquam
273 520 377 536 ordinarius
387 519 431 536 dicti
441 519 482 540 loci,
498 523 569 542 tamque
580 520 685 536 auctoritate
698 519 797 542 apostolica
812 525 864 542 quam
879 520 975 540 ordinaria,
990 525 1039 542 quam
1052 520 1097 536 etiam

178 558 199 568 ex
210 555 298 575 potestate
309 552 344 569 sibi
354 558 363 569 a
373 552 427 568 dictis
438 552 519 574 partibus
529 552 575 569 data,
586 555 605 568 ut
615 552 693 572 dicebat,
705 552 831 575 pronunciavit
841 552 859 568 in
870 552 942 575 scriptis
953 552 970 568 in
980 552 1049 569 modum
1059 555 1075 569 et
1083 553 1098 569 in

178 585 253 601 sormam
263 585 294 607 qui
305 585 387 607 sequitur
398 591 430 607 per
440 584 472 601 hec
483 585 538 601 verba
550 590 553 600 ε

223 625 231 633 «
243 618 286 638 Nos,
298 618 326 637 H..
340 617 461 640 permissione
472 617 533 634 divina
546 617 644 640 episcopus
658 617 774 638 parisiensis,
789 618 853 634 unicus
864 618 921 640 judex
934 624 942 634 a
956 618 998 634 sede
1010 618 1098 641 apostolica

179 651 276 673 deputatus
286 656 342 673 super
352 650 449 667 discordiis
460 656 493 667 seu
503 650 634 667 controversiis
649 650 703 667 motis
714 651 761 667 inter
771 651 829 667 virum
843 650 965 668 venerabilem
980 654 997 668 et
1011 650 1099 668 discretum

179 684 285 706 magistrum
296 683 414 700 Guillelmum
429 683 451 699 de
461 683 552 704 Narbona,
562 683 690 700 cancellarium
705 683 835 704 Parisiensem,
849 687 867 700 et
881 684 986 707 magistrum
1001 684 1067 700 Petrum
1080 684 1099 701 de

178 716 241 738 Capite
252 716 320 739 Stagno
330 720 348 733 et
357 716 466 733 adherentes
476 716 546 733 eisdem
557 717 667 739 conjunctim
678 716 707 733 vel
717 716 798 734 divisim.
809 722 830 733 ex
840 722 874 733 una
883 720 942 739 parte;
951 720 968 733 et
976 720 1099 740 procuratorem

178 749 268 766 facultatis
279 749 368 766 medicine
378 749 495 770 Parisiensis,
505 752 523 766 et
537 749 634 772 magistros
649 749 760 772 Raynaldum
771 749 793 766 de
804 749 919 770 Cornemara,
934 749 1019 766 decanum
1032 749 1052 766 ad
1065 755 1100 773 pre>

178 788 222 799 sens
232 783 280 799 dicte
289 783 386 803 facultatis,
397 782 517 799 Mainl'redum
529 783 555 804 de,
561 782 672 803 Mediolano,
681 782 780 799 johannem
789 783 840 805 Pipe,
848 783 947 799 Johannem
956 783 978 799 de
986 783 1027 806 Dya,
1035 783 1098 800 Petrum

178 815 200 832 de
214 815 306 836 Alvernia,
322 815 425 838 Philippum
439 815 462 832 de
476 816 537 835 Curia,
554 815 663 838 Stephanum
679 815 701 832 de
715 816 806 838 Nogento,
822 815 931 838 Stephanum
947 816 968 832 de
986 816 1099 836 Cslvomonte,

177 848 263 865 Jacobum
275 848 297 865 de
308 849 414 869 Cantarana,
425 848 530 865 Gratianum
541 848 563 865 de
574 848 640 868 Brixia,
652 848 766 871 Radulphum
777 848 864 869 Pinchon,
875 851 893 865 et
903 849 974 865 Petrum
989 849 1010 865 de
1024 848 1099 865 Fontanis

178 884 196 897 et
210 881 237 898 eis
251 881 367 902 adherentes,
382 881 493 903 conjunctim
508 881 536 898 vel
552 881 630 901 divisim=
646 887 668 898 ex
682 881 737 898 altera
752 885 817 904 parte:
829 885 863 898 tam
876 888 898 898 ex
911 885 998 904 potestate
1011 881 1099 904 apostolica

178 914 232 931 nohis
242 914 261 931 in
271 914 303 931 hac
313 917 364 937 parte
374 914 476 934 commissa,
488 919 540 936 quam
552 914 648 935 ordinaria,
660 920 713 936 quam
724 914 777 931 etiam
787 921 797 931 a
807 914 861 931 dictis
871 914 952 937 partibus
962 914 1014 931 nobis
1021 914 1063 935 data,
1072 920 1099 937 pro

177 946 226 963 bono
241 947 290 969 pacis
305 947 390 967 dicimus,
406 947 511 963 ordinamus
525 950 543 963 et
556 946 649 967 volumus,
664 947 713 969 quod
728 950 788 970 partes
803 947 883 970 predicte
901 947 1099 970 renuntientjinstantiis

178 979 236 996 litium
253 985 286 996 seu
304 980 468 997 controversiarum
487 979 533 996 inter
550 985 569 996 se
585 983 681 1000 motui-mn,
698 983 715 997 et
732 986 754 997 ex
771 986 819 997 nunc
836 986 869 1003 pro
886 980 999 997 renunciatis
1004 979 1098 1003 'Lhaheinusv

178 1018 279 1034 omnesque
289 1018 395 1035 processus,
405 1018 461 1035 super
470 1012 557 1029 omnibus
572 1012 641 1033 litibus,
657 1012 705 1029 inter
718 1013 775 1030 dictas
791 1016 851 1035 partes
866 1013 927 1033 motis,
941 1013 996 1030 factos
1008 1016 1025 1030 ct
1036 1013 1099 1030 habitos

178 1051 272 1062 cassamus
282 1048 300 1061 et
309 1045 382 1067 penitus
393 1045 517 1066 annullamus,
532 1045 581 1066 item,
597 1048 615 1062 et
629 1045 679 1068 quod
693 1046 754 1062 onmia
767 1046 849 1066 crimina,
864 1045 905 1062 hinc
916 1049 933 1062 et
942 1045 984 1062 inde
996 1046 1041 1062 inter
1050 1045 1099 1062 dictas

179 1081 239 1100 partes
249 1078 349 1100 proposita,
360 1078 408 1094 dicte
418 1080 479 1101 partes
489 1077 524 1094 sibi
534 1078 556 1094 ad
567 1078 644 1095 invicem
658 1078 733 1095 omnino
748 1078 846 1099 remittant,
859 1081 876 1095 et
889 1084 910 1095 ex
920 1084 966 1095 nunc
981 1084 1013 1101 pro
1026 1078 1099 1095 remissis

178 1110 273 1131 habemus,
286 1113 304 1127 et
313 1111 363 1133 quod
373 1114 436 1127 neutra
447 1111 523 1133 partium
534 1116 567 1127 nec
577 1111 623 1127 alius
634 1111 751 1133 quicumque,
760 1111 856 1128 occasione
865 1111 1000 1134 premissorum,
1009 1117 1039 1134 per
1046 1117 1099 1134 quem-

179 1149 257 1166 cumque
268 1144 286 1160 in
296 1144 377 1160 futurum
387 1143 449 1166 impeti
462 1143 522 1160 valeat
535 1149 567 1160 seu
578 1144 631 1160 etiam
642 1144 742 1161 molestari.
753 1144 805 1165 Item,
816 1150 838 1161 ex
848 1144 909 1165 certis,
921 1144 976 1166 justis
988 1148 1006 1161 et
1019 1144 1100 1161 rationali-

179 1176 213 1193 bus
224 1177 291 1195 causis.
307 1182 342 1199 que
356 1182 389 1193 nos
402 1180 474 1193 movent
489 1179 506 1193 et
516 1182 589 1193 movere
600 1176 674 1197 debent,
688 1177 779 1193 licentiam
795 1177 853 1194 datam
867 1177 947 1194 Guidoni
962 1177 984 1193 de
997 1178 1069 1194 Navarra
1082 1177 1101 1193 ad

179 1209 276 1232 practicam
287 1209 347 1226 solum
357 1215 405 1226 anno
417 1209 490 1225 Domini
501 1209 598 1226 millesimo
608 1209 737 1226 trecentesimo
748 1210 849 1230 tricesimo,
860 1215 922 1226 mense
932 1209 981 1230 Julii,
991 1213 1009 1226 et
1019 1210 1100 1227 licentiam

180 1245 221 1265 post
236 1242 294 1259 datam
304 1242 381 1259 Alsonso
392 1242 415 1258 de
426 1242 529 1264 Portugalia
539 1242 561 1258 ad
572 1242 671 1259 theoricam
684 1245 702 1258 et
712 1242 809 1264 practicam
822 1248 870 1259 anuo
883 1242 955 1259 Domini
967 1242 1058 1259 millesimo
1070 1246 1101 1259 tre—

179 1275 280 1292 centesimo
293 1275 403 1296 tricesimo',
418 1281 481 1292 mense
493 1275 580 1293 Januarii.
590 1275 713 1298 permittimus
728 1278 746 1291 et
760 1281 793 1297 pro
808 1275 902 1298 permissis
915 1275 1006 1292 habemus.
1021 1275 1101 1293 Volumus

180 1312 239 1325 tamen
250 1312 268 1325 et
278 1308 390 1328 ordinamus,
404 1308 453 1331 quod
464 1308 556 1331 predictas
565 1308 649 1325 licentias
659 1308 688 1325 vel
703 1308 837 1325 ordinationem
851 1312 960 1331 presentem,
974 1314 1006 1325 seu
1020 1309 1050 1325 alia
1063 1314 1101 1332 que-
