1273 1538
170 32 192 49 58
458 36 617 48 eutnruzsnmn
634 37 729 49 vmvsns.
748 37 813 49 rmus.
1053 30 1100 49 [1292

170 75 217 92 eirca
227 74 269 92 illos
280 74 311 98 qui
325 74 347 92 ad
360 74 394 92 alia
407 74 499 99 generalia
513 74 572 92 studia
585 74 737 92 transmittuntur.
748 75 771 92 Et
783 74 843 92 eidem
857 77 943 97 precepto
954 78 972 92 et
986 80 1032 97 pene
1042 74 1100 98 subja-

172 113 230 129 ceant.
240 109 271 132 qui
283 109 362 126 scienter
375 109 488 126 consuluerit
500 108 522 126 de
534 108 594 132 aliquo
607 108 636 126 vel
648 109 780 132 presentaverit
791 108 871 132 aliquem
883 108 906 125 ad
919 108 1053 132 predicacionis
1065 108 1100 126 offi-

172 143 218 160 cium
229 143 258 160 vel
268 143 397 164 confessionis,
408 142 430 160 de
442 140 494 166 cujus
507 142 542 160 vita
554 146 571 159 et
584 148 616 166 spe
626 142 733 165 proficiendi
744 142 762 159 in
773 142 884 160 execncione
894 142 1004 165 injungendi
1014 141 1049 159 sibi
1063 142 1101 160 talis

172 176 226 194 officii
240 176 358 200 probabiliter
372 176 470 193 dubitatur.
484 176 537 198 Quod
551 176 567 193 si
580 176 646 199 aliquis
660 182 680 193 se
694 176 723 193 vel
736 176 790 193 alium
804 182 838 200 per
851 182 940 199 personas
953 179 1003 193 extra
1016 175 1101 193 Ordinem

172 211 296 234 procuraverit
307 210 353 228 initti
366 210 388 227 ad
401 210 481 227 studium
495 209 617 233 quodcunque
630 210 675 231 [sive
687 210 709 227 ad
722 209 822 231 lectoriam,
835 209 967 231 baccallariam‚
979 209 1101 233 magisterium

172 244 200 262 vel
218 244 340 268 quodcunque
357 243 431 262 Ordinis
451 243 529 261 officium
546 244 662 267 promoveri]v
679 243 720 267 ipso
736 243 783 261 facto
800 243 886 261 omnihus
904 243 968 261 officiis
986 243 1061 261 Ordinis
1081 244 1102 261 sit

172 278 259 301 privatus,
270 284 366 301 quousque
380 283 413 301 per
428 277 532 301 generalem
547 278 648 295 ministrum
666 284 728 295 secum
744 278 798 295 fuerit
813 277 945 301 dispensatum⁴
956 277 1029 295 Inhihet
1045 281 1101 295 autem

171 312 257 335 generale
267 312 370 335 Capitulum
380 317 403 328 ne
413 311 477 329 fratres
487 311 518 334 qui
528 317 561 335 per
570 317 689 335 personarum
700 314 749 329 extra
761 311 850 329 Ordinem
860 311 1003 335 procuraciones
1013 314 1030 328 et
1039 317 1101 335 preces

172 346 194 362 ad
208 345 299 368 generalia
314 345 373 363 studia
387 345 539 366 transmittuntur,
554 346 633 362 revocati
647 346 669 363 ad
683 351 725 363 suas
740 345 844 368 provincias
858 346 976 369 assignentur
991 345 1057 362 alicubi
1072 352 1102 369 pro

172 379 232 396 officio
244 379 328 397 lectionis
340 379 380 396 sine
391 379 527 402 dispensatione
537 378 616 402 Capituli
625 379 724 402 generalis,
736 385 769 396 nec
782 379 801 396 in
814 379 880 397 studiis
891 379 983 402 gaudeant
994 379 1102 396 studentium

171 412 254 430 libertate
311 413 379 430 Omnes
396 419 439 430 vero
455 412 551 430 studentes
567 418 608 430 cum
624 412 646 430 ad
663 413 766 436 provincias
784 419 827 430 suas
844 413 928 435 redeunt,
944 413 1024 430 debeant
1043 419 1102 430 secum

171 449 243 470 portare
256 446 388 464 testimoniales
398 446 467 464 litteras
477 446 559 470 gardiani
570 449 588 463 et
597 446 670 464 lectoris
681 446 716 464 loci
726 446 745 464 in
758 452 794 470 quo
805 446 915 464 studuerunt
926 447 984 470 [datas
996 447 1018 464 de
1028 447 1103 464 consilio

171 480 292 498 discretorum
307 484 325 498 et
338 481 440 504 aliquorum
454 480 572 502 studentium]
586 480 609 498 de
619 487 652 498 sua
665 481 805 498 conversatione
819 484 837 498 et
851 481 933 504 prosectu
947 481 966 498 in
980 481 1047 502 studio„
1062 487 1103 504 quas

172 515 210 532 suis
221 514 310 532 ministris
320 515 418 532 ostendere
429 518 530 532 tencantur.

216 549 260 566 Item
273 548 354 572 quelibet
366 548 459 572 provincia
471 548 534 566 induat
545 554 589 566 suos
601 548 696 566 studentes
708 554 755 571 quos
767 548 822 566 mittit
833 548 856 566 ad
870 548 974 572 provincias
984 548 1060 569 alienas,
1070 548 1104 566 illis

171 582 258 605 exceptis,
269 582 300 605 qui
310 588 332 599 ex
342 582 404 599 debito
418 582 513 599 mittuntur
524 582 611 603 Parisios,
622 586 639 599 et
652 582 733 605 exceptis
745 582 863 600 studentibus
876 583 970 606 provincie
984 582 1066 604 Francie,
1076 582 1104 606 qui

171 616 192 633 ad
209 616 254 634 alias
272 616 368 634 mittuntur
387 616 496 639 provincias,
514 619 532 633 et
551 616 632 639 exceptis
650 616 703 633 etiam
723 616 818 639 provincie
835 617 916 633 Romane
935 616 1060 638 studentibus,
1076 616 1104 639 qui

171 650 267 667 mittuntur
276 656 298 667 ex
308 649 369 667 debito
379 649 402 667 ad
414 649 517 673 provincias
529 649 603 667 alienas.
613 650 734 667 Prohihemus
747 656 790 667 vero
803 650 890 667 deeetero
902 650 967 668 fratres
981 650 1012 673 qui
1024 650 1105 667 nesciunt

170 683 232 707 legere
246 683 352 707 psalterium
366 683 436 701 litteras
449 689 485 700 non
499 683 581 701 adiscant
593 689 627 701 nec
641 683 671 701 alii
686 690 719 701 eos
734 684 817 705 doceant„
833 687 851 701 et
864 684 880 701 si
893 684 935 707 quis
950 684 1084 706 contrafecerit,
1096 690 1105 701 a

170 718 298 735 communione
308 717 363 735 officii
374 721 391 735 et
403 723 466 735 mense
478 721 573 741 separetur
585 724 643 741 usque
655 718 677 735 ad
690 718 832 735 satisfactionem
843 718 960 741 condignam.
973 718 996 735 Et
1006 718 1029 735 de
1038 718 1104 741 laycatu

170 752 192 770 ad
202 752 307 770 clericatum
318 752 380 769 nullus
389 751 475 769 ascendat
484 751 554 775 absque
564 751 635 770 licentia
646 751 725 776 Capituli
735 751 835 776 generalis.

215 786 321 803 lnhihemus
331 792 354 803 ne
364 786 449 803 decetero
461 786 535 809 aliquod
548 786 635 809 scriptum
648 792 714 803 novum
728 789 778 803 extra
790 786 879 804 Ordinem
892 786 998 810 publicetur
1009 786 1044 803 nisi
1058 786 1105 810 prius

170 820 290 837 examinatum
307 820 362 837 suerit
378 819 476 843 diligenter
492 825 525 843 per
541 820 645 843 generalem
663 820 766 837 ministrum
784 820 812 837 vel
829 819 960 843 provincialem
975 820 1004 837 vel
1019 826 1051 843 per
1066 820 1105 837 illos

169 853 237 877 quibus
251 853 287 877 ipsi
299 853 388 871 ducerent
403 853 558 871 committendum.
573 854 595 871 Et
608 853 712 877 quicunque
726 853 861 875 contrafecerit,
876 853 935 871 tribus
949 853 1016 871 diebus
1031 854 1049 871 in
1063 859 1105 877 pane

170 891 238 905 tantum
249 891 267 905 et
276 894 321 911 aqua
329 888 407 911 jejunet,
416 891 433 904 et
442 890 501 904 careat
511 887 543 904 illo
553 887 628 911 scripto.
636 887 702 905 Nullus
712 888 765 905 etiam
776 888 832 905 frater
842 887 908 905 audeat
915 887 994 910 aliquam
1003 888 1104 911 opinionem

170 925 272 945 corruptam
285 927 322 939 non
335 927 396 939 sanam
408 921 437 938 vel
449 921 471 938 ab
484 921 571 944 episcopo
583 924 601 938 et
610 921 703 944 magistris
713 921 849 939 Parisiensibus
859 921 983 939 communiter
996 921 1105 945 reprobatam

170 955 250 973 scienter
264 961 347 973 asserere
362 954 390 972 vel
405 955 457 972 etiam
472 955 574 978 approbare
590 955 662 978 publice
680 955 708 972 vel
725 955 803 972 occulte.
819 956 857 972 Nec
872 955 978 978 opinionem
997 955 1105 979 singularem

170 990 296 1012 cujuscunque
306 988 464 1012 calumpniabilem
475 988 504 1006 vel
517 992 618 1012 suspectam
632 988 709 1006 maxime
721 989 768 1006 circa
782 988 836 1006 fidem
850 988 879 1006 vel
893 995 954 1006 {nores
968 989 1033 1006 audeat
1046 989 1106 1006 defen-

170 1029 217 1040 sare.
229 1023 246 1040 Si
258 1027 317 1040 autem
328 1023 407 1040 ministri
417 1023 436 1039 in
448 1023 487 1040 suis
497 1023 597 1046 provinciis
610 1023 682 1046 aliquos
695 1023 740 1040 tales
753 1023 864 1044 invenerint,
876 1026 962 1040 moneant
976 1029 1009 1040 eos
1022 1027 1041 1040 ut
1053 1023 1106 1040 corri-

170 1060 213 1079 gant
225 1056 330 1080 diligenter,
344 1060 362 1074 et
376 1056 411 1073 nisi
425 1057 550 1074 revocaverint
564 1060 581 1073 et
591 1056 695 1074 destiterint
707 1056 797 1080 requisiti,
812 1056 898 1074 omnibus
911 1056 977 1074 officiis
991 1061 1009 1074 et
1022 1057 1107 1080 legitimis

170 1089 240 1107 actibus
258 1096 290 1107 eos
306 1090 386 1113 privent,
404 1093 422 1107 et
441 1090 512 1107 tandem
534 1090 548 1107 si
568 1090 587 1107 in
603 1090 702 1113 pertinacia
719 1096 752 1107 sua
769 1090 911 1113 permanserint,
927 1090 1004 1107 fratrum
1023 1091 1107 1108 societate

170 1123 271 1147 privemur,
284 1127 301 1141 et
314 1124 386 1141 deinum
397 1123 539 1145 incarceremur,
550 1124 566 1141 si
576 1124 594 1141 in
608 1124 647 1141 suis
660 1123 755 1141 erroribus
768 1118 848 1141 finalit'er
860 1127 987 1147 perseverent.
998 1125 1020 1141 Et
1033 1124 1107 1142 nichilo-

171 1158 231 1175 minus
241 1158 323 1181 generali
333 1157 417 1181 Capitulo
425 1158 453 1175 vel
461 1157 544 1181 generali
554 1158 638 1175 ministro
646 1163 679 1181 per
687 1158 817 1181 provincialem
826 1158 930 1175 ministrum
939 1164 981 1175 cum
990 1158 1028 1175 suis
1038 1158 1107 1182 opinio-

171 1191 226 1208 nibus
241 1191 379 1208 nuncienturffl.

215 1225 281 1242 Nullus
295 1225 350 1242 frater
365 1224 423 1242 libros
437 1224 505 1242 scribat
519 1225 548 1242 vel
563 1225 618 1242 scribi
632 1225 686 1242 saciat
699 1225 722 1242 ad
736 1225 860 1246 vendendum,
876 1231 910 1243 nec
924 1225 998 1243 habitos
1011 1225 1078 1243 vendat
1091 1226 1108 1243 in

170 1259 240 1277 Ordine
250 1259 310 1277 carius
320 1265 373 1283 quam
383 1259 420 1276 sint
430 1259 491 1282 empti.
503 1259 526 1276 Et
535 1259 571 1282 qui·
576 1259 621 1276 ultra
632 1259 730 1283 acceperit,
741 1259 799 1276 eidem
811 1259 885 1283 penitus
898 1259 991 1276 auferatur
1003 1263 1021 1276 et
1034 1259 1108 1277 nichilo-

170 1294 231 1311 minus
245 1293 337 1317 puniatur.
352 1293 418 1310 Nullus
433 1293 550 1316 provincialis
564 1293 648 1310 minister
661 1293 728 1310 audeat
743 1292 810 1310 habere
825 1293 854 1310 vel
869 1293 949 1311 retinere
964 1293 1036 1316 aliquos
1054 1293 1108 1311 libros

170 1327 239 1351 absque
250 1327 322 1344 licentia
332 1327 425 1350 generalis
435 1326 520 1347 ministri,
531 1332 565 1344 nec
577 1326 632 1349 aliqui
644 1327 710 1344 fratres
722 1327 812 1350 accipiant
824 1326 852 1343 vel
865 1326 943 1344 habeant
956 1321 1026 1349 absque
1038 1326 1108 1344 licentia

232 1357 244 1369 ι
