1273 1538
185 41 231 60 1345]
380 45 403 56 n
421 44 473 56 mito
490 43 606 55 mcccxxxvi
624 42 689 57 usqua
704 42 728 54 At>
744 42 813 54 mmm
830 43 902 55 mcccv..
1071 38 1102 55 561

184 82 275 106 aliquando
286 82 308 99 de
318 82 357 99 suis
368 81 451 105 pecuniis
461 80 520 103 ipsius
532 80 613 103 magistri
626 79 765 97 necessitatibus
777 79 907 97 subvenerunt,
918 80 950 101 [De
960 80 1037 103 quodam
1048 81 1102 98 bene-

184 117 222 134 ficio
234 115 297 134 eccles.
310 119 328 132 et
340 115 362 132 de
374 114 457 131 facultate
470 114 504 131 alia
517 113 620 135 retinendi.]

225 149 306 166 Gilherto
323 148 419 171 Flemyng¹
436 147 505 164 decano
517 147 595 164 ecclesie
610 147 755 167 Aherdonensis.
769 147 839 164 doctori
856 147 976 169 decretorum,
992 147 1014 164 de
1027 148 1103 165 ecclesia

184 186 240 200 curata
250 182 271 199 de
281 182 347 199 Liscon
358 181 417 199 Sancti
426 180 500 198 Andree
513 181 592 198 diocesis
602 184 675 198 vacante
688 181 710 198 ad
721 186 796 204 presens
806 181 825 198 in
835 181 913 198 Romana
924 181 974 198 curia
984 187 1015 204 per
1028 184 1103 198 mortem

184 215 261 239 magistri
270 215 348 238 Augusii
358 215 380 232 de
391 214 467 237 Ergadia
478 214 555 231 ecclesie
566 214 646 238 predicte
657 215 739 232 rectoris.
753 215 802 236 [Fiat‚
814 218 832 231 et
843 215 901 238 possit
912 215 945 231 alia
956 215 1049 237 retinere]

224 249 299 267 Johanni
310 248 332 266 de
342 248 453 266 Lemovicis'
462 251 503 265 actu
513 248 584 272 regenti
594 248 674 266 Pan-isius
685 249 703 266 in
712 248 795 266 facultate
805 248 901 270 medicine,
912 248 934 266 de
944 248 1003 266 officio
1013 254 1046 266 seu
1057 248 1105 273 regi-

184 283 229 300 mine
239 282 327 299 scolarum
337 282 517 305 Rotliomagensium⁴
527 282 604 305 [Recipit
614 288 678 299 canon⁴
690 286 708 300 et
719 282 769 305 preb.
778 283 822 300 eccl.
830 283 913 304 Tornac.]

224 316 299 333 Johanni
313 315 423 338 Mercoyrol*
434 315 501 333 clerico
512 315 667 333 Claromontensis
678 316 763 337 diocesis,
777 316 864 339 magistro
876 316 894 333 in
907 316 982 337 artibus„
993 316 1060 333 nuncio
1073 322 1105 339 pro

184 349 255 366 nacione
265 349 362 370 Gallicana=
377 349 408 372 qui
420 349 500 372 propriis
515 349 609 366 laboribus
619 352 636 366 et
646 349 755 372 patrimonio
768 355 801 366 suo
814 349 863 366 tenui
876 349 963 373 nulloque
975 350 1010 366 alio
1023 349 1106 367 subsidio

184 385 291 400 sustentatus
301 383 319 399 in
330 382 428 399 Parisiensi
436 382 497 399 studio
504 382 560 405 longo
568 386 649 405 tempore
659 382 754 403 laboravit,
764 386 814 400 actus
825 383 970 406 disputacionuin
980 386 998 400 et
1007 383 1106 400 litterarum

183 416 251 433 labores
259 416 277 432 in
284 416 367 433 facultate
376 416 455 439 predicta
463 416 515 438 juxta
525 422 580 439 posse
588 416 666 433 fideliter
673 416 782 433 exercendov
791 417 813 433 Et
822 416 893 437 fuisset,
902 416 932 433 diu
941 419 974 437 est,
983 420 1077 439 promotus
1085 416 1107 433 ad

183 449 247 473 gradus
259 449 333 466 honoris
345 449 364 466 in
374 449 408 466 alia
417 449 500 466 facultate
511 449 539 466 vel
549 449 596 470 aliis,
610 449 625 466 si
638 449 741 466 subsidium
756 449 803 466 unde
816 455 905 472 expensas
914 449 1004 472 potuisset
1016 449 1106 467 sustinere

183 482 276 504 habuisset,
288 486 305 500 et
315 483 400 506 proponit
410 483 514 506 promoveri
523 483 561 500 Deo
573 483 625 500 dante
635 483 677 500 dum
688 482 767 504 habebit,
778 483 801 499 de
812 482 900 500 beneficio
911 483 1040 500 ecclesiastico.
1050 483 1106 504 [Fiat]

222 516 287 533 Jacoho
297 516 369 533 Londe⁵
383 516 405 533 de
414 516 476 539 Ypris=
490 516 577 539 magistro
588 516 606 533 in
618 516 694 537 artibus,
706 516 817 533 Morinensis
830 516 916 537 diocesisv
930 516 974 533 alias
986 516 1052 533 rectori
1063 516 1106 534 Uni-

180 549 266 567 versitatis
285 550 401 571 Parisiensis,
422 556 469 567 nunc
489 550 511 567 ad
530 550 587 573 pedes
604 553 664 567 vestre
682 550 752 567 sanctiL
772 550 838 567 nuncio
856 550 953 570 destinato,
973 550 1004 572 qui
1025 549 1106 573 regendo

180 583 261 600 continue
270 584 289 600 in
299 583 419 605 naturalibus,
429 583 610 606 methaphisicalibus
620 586 638 600 et
652 583 752 600 moralibus
764 587 805 600 octo
815 583 868 600 annis
878 583 906 600 vel
918 583 1002 606 pluribus
1015 583 1034 600 in
1046 583 1106 600 studio

180 617 272 634 Parisiensi
289 617 383 636 laboravit.
398 623 430 640 per
445 617 505 640 aliqua
519 620 600 640 tempora
614 617 633 633 iu
648 616 740 640 theologie
755 617 825 634 studuit
839 617 928 638 facultate,
943 623 976 634 nec
990 616 1045 634 habet
1058 617 1105 634 unde

179 650 200 667 ad
212 650 284 673 gradum
299 650 375 668 honoris
390 650 407 667 in
423 650 470 667 dicta
485 650 568 667 facultate
583 650 640 667 valeat
653 650 762 673 promoveri„
773 656 813 667 cum
827 650 874 667 bona
889 656 924 673 que
937 650 999 667 habuit
1013 650 1037 667 de
1052 650 1106 673 patri-

179 683 235 701 monio
254 690 285 707 per
304 684 426 701 Flandrenses
446 684 519 707 penitus
537 684 611 701 fuerunt
632 683 733 704 devastata,
755 684 840 706 quatinus
858 683 893 701 sibi
914 684 1011 707 specialem
1030 684 1104 707 gratiam

178 717 266 738 facientes,
286 717 307 734 de
325 717 384 734 officio
402 723 434 734 seu
453 717 542 740 regimine
557 717 646 734 scolarum
664 717 774 740 Yprensium
793 717 904 734 Morinensis
923 717 1008 734 diocesis.
1029 717 1105 740 [Recipit

178 757 237 768 canon.
251 751 316 768 Morin,
331 751 367 768 sub
377 754 456 774 exspect.
470 750 576 774 prebende.]

217 784 305 802 Grimerio
316 785 414 802 Bonifacii¹
424 784 446 801 de
458 784 578 808 Rothomago,
590 785 676 808 magistro
688 785 706 801 in
718 784 793 805 artibus,
806 785 873 802 nuncio
885 790 917 808 pro
929 784 1004 802 nacione
1015 785 1103 802 Norman-

176 824 242 839 norum,
251 818 280 841 qui
291 824 323 841 per
334 818 389 842 longa
402 821 483 841 tempora
496 818 542 835 rexit
552 818 633 835 Parisius
644 818 662 835 in
674 818 737 835 artium
750 818 840 839 facultate,
852 818 910 835 libros
919 818 1007 842 logicales
1021 821 1039 835 et
1052 821 1103 835 natu-

174 852 223 872 rales,
237 852 318 869 cursorie
331 855 350 868 et
363 851 462 872 ordinarie,
476 855 503 869 tei·
514 848 583 868 librum
596 851 708 875 phisicoruni
721 855 738 869 et
751 851 779 869 his
792 852 859 868 librum
873 851 1003 875 methaphisice
1015 851 1101 874 legendo,

173 885 281 908 postmodum
296 891 329 908 per
343 891 380 902 non
398 885 468 902 modica
488 888 569 908 tempora
586 885 656 902 studuit
670 885 689 902 in
704 885 806 908 theologica
821 885 911 906 facultate,
927 885 1018 908 quondam
1036 885 1103 902 rectori

173 918 294 936 Universitatis
309 919 390 942 predicte
404 918 486 941 aliasque
501 918 569 935 nuncio
583 919 605 935 ad
619 918 733 936 sanctitatem
746 918 804 935 felicis
815 918 947 936 recordationis
960 919 1029 936 domini
1044 920 1102 936 Bene-

172 952 211 969 dicti
221 958 265 975 pape
274 952 412 975 predecessoris
425 952 481 969 vestri
495 958 517 969 ex
529 955 579 977 parte
592 952 674 975 ejusdem
689 952 816 970 Universitatis
828 952 936 973 destinato',
945 953 996 976 quod
1009 958 1049 970 cum
1062 953 1102 976 ipse

172 985 189 1002 in
200 986 257 1003 rotulo
270 986 423 1009 supplicationum
439 985 487 1003 dicte
503 986 632 1003 Universitatis
647 985 700 1003 vobis
713 991 745 1009 per
760 985 819 1009 ipsius
833 986 911 1003 nuncios
925 989 1069 1009 presentatarutn
1084 987 1102 1003 in

172 1019 255 1042 principio
274 1023 334 1036 vestre
355 1019 453 1036 creationis
472 1019 588 1036 sanctissime
605 1019 733 1042 insrascriptus
752 1025 785 1042 pro
808 1020 865 1043 gratia
888 1019 986 1037 obtinenda
1005 1020 1102 1041 extitisset=

173 1053 234 1070 nullam
247 1056 305 1070 tamen
321 1053 396 1076 gratiam
413 1053 431 1069 in
449 1053 498 1069 dicto
516 1053 576 1070 rotulo
592 1053 692 1076 reportavit
710 1053 807 1070 occasione
825 1053 883 1076 gratie
900 1053 923 1070 de
942 1053 1047 1070 canonicatu
1067 1053 1101 1070 sub

173 1086 290 1109 expectatione
305 1086 398 1109 prebende
414 1086 492 1103 ecclesie
510 1086 668 1103 Autisiodorensis
683 1092 693 1103 a
710 1086 803 1104 sanctitate
821 1089 880 1103 vestra
897 1092 986 1104 concesse
1002 1087 1101 1108 antedicto⁷

173 1123 260 1142 antequam
275 1120 418 1143 supplicationes
437 1120 482 1137 dieti
497 1120 551 1137 rotuli
569 1120 695 1143 signarentur:
711 1120 793 1142 ejusdem
808 1123 867 1136 tamen
884 1120 941 1142 gratia
960 1120 1012 1143 quasi
1031 1120 1101 1137 inutilis

173 1156 259 1176 reputatur
268 1159 308 1171 cum
322 1153 360 1171 sint
369 1153 431 1176 plures
446 1153 509 1170 deceni
522 1154 544 1171 ad
559 1153 617 1171 dictas
629 1153 733 1177 prebendas
747 1156 863 1176 expectantes
878 1153 949 1176 priores
963 1153 1064 1176 sepedicto⁷
1078 1153 1109 1171 de.

172 1186 255 1204 beneficio
269 1187 393 1204 ecclesiastico
407 1187 423 1204 si
440 1193 481 1204 cum
499 1193 541 1204 cura
558 1187 581 1204 ad
598 1191 657 1204 taxum
673 1193 683 1204 e
697 1187 790 1209 librarum,
809 1187 824 1204 si
841 1187 881 1204 sine
896 1187 952 1204 fuerit
965 1187 987 1204 ad
1007 1191 1066 1204 taxum
1082 1187 1100 1204 lx

171 1220 251 1238 librarum
266 1221 391 1238 turonensium
403 1227 507 1244 parvorum*
520 1221 597 1244 [Recipit
607 1221 628 1238 ad
639 1227 727 1238 suminam
737 1221 759 1238 80
769 1227 809 1238 cum
820 1227 869 1242 cura,
881 1221 901 1238 50
911 1221 951 1238 sine
960 1222 1016 1242 curan]

211 1254 311 1272 Christiano
323 1255 345 1272 de
359 1255 414 1275 Elst',
428 1255 516 1278 magistro
528 1255 546 1271 in
562 1254 638 1275 artibus,
653 1255 676 1271 ad
691 1255 747 1277 pedes
762 1255 862 1272 sanctitatis
877 1257 937 1271 vestre
951 1254 974 1271 ad
987 1260 1064 1277 presens
1079 1261 1099 1272 ac

171 1288 220 1305 alias’
233 1288 253 1305 ad
265 1289 323 1306 felicis
335 1289 467 1306 recordationis
481 1289 575 1306 dominum
586 1288 705 1305 Benedictum
718 1295 780 1312 papam
795 1289 945 1312 predecessorem
957 1292 1038 1306 vestrum
1051 1295 1099 1307 anno

171 1322 223 1345 primo
238 1322 265 1339 sui
279 1323 395 1345 pontificatus
409 1329 431 1339 ex
445 1326 496 1346 parte
514 1322 561 1340 dicte
576 1322 705 1340 Universitatis
722 1322 831 1340 Parisiensis
848 1322 938 1340 destinato
952 1322 982 1346 qui
997 1322 1051 1340 etiarn
1066 1329 1099 1346 per

226 1353 240 1362 Β
250 1352 296 1365 Chart-
308 1352 347 1365 ΙῘπίπ.
356 1352 402 1365 Pa'n's-
411 1352 427 1367 Π,
437 1352 449 1365 1.
1021 1352 1035 1364 7¹
