1273 1538
186 82 228 100 1322]
373 88 396 99 an
412 88 464 99 anno
481 87 597 99 uccnxxxvn
615 87 680 102 usmis
697 88 721 99 im
736 89 805 100 annun
822 89 892 100 ucecia
1064 84 1098 100 259

185 123 291 146 quadraginta
307 123 375 140 solidos
391 123 486 145 parisiens.
505 123 527 139 Et
539 126 607 139 tantum
621 122 676 139 solvit
690 123 729 145 ipse
744 123 821 145 loquens
836 126 856 140 ut
869 123 918 139 dicit.
936 124 1060 146 Interrogatus
1074 123 1096 140 de

184 155 306 172 infirmitatibus
318 155 340 171 de
352 155 417 177 quihus
429 158 456 171 est
469 154 521 171 solita
534 160 597 171 curare
610 160 645 177 que
657 158 705 175 sunt,
719 155 818 177 respondet
830 155 878 177 qnod
891 155 913 171 de
923 155 956 171 hoc
966 155 1044 177 ignorat,
1054 156 1096 177 quia

184 187 238 210 plures
251 191 296 204 sunt,
312 186 414 209 Requisitus
428 186 471 208 quid
487 186 532 202 sciat
545 186 567 202 de
580 186 671 203 contentis
685 186 703 208 in
716 186 782 203 ceteris
796 186 883 207 articulis=
896 187 990 209 respondit
999 187 1048 209 quod
1058 187 1096 212 ipsa

183 219 240 236 Jacoba
252 219 307 241 ipsum
321 219 398 235 visitavit
411 218 487 241 pluries.r
501 221 519 234 et
532 218 603 238 melius,
618 221 638 235 ut
651 218 704 239 dicits
715 224 766 240 quam
780 219 867 235 fecissent
880 219 945 235 medici
957 222 975 235 et
987 219 1009 235 ad
1022 219 1095 235 modum

184 251 283 268 medicorum
296 251 314 268 in
326 251 365 273 ejus
378 251 487 267 infirmitate.
502 251 524 267 Et
533 250 556 267 de
569 250 672 267 infirmitate
683 250 759 267 aliorum
770 251 826 267 nichil
836 251 870 268 scit
880 251 915 268 nisi
926 251 949 267 de
958 251 1026 268 auditu.
1038 251 1096 273 Super

183 286 239 306 quarto
249 284 321 300 articulo
334 283 437 306 respondet,
450 283 499 305 quod
513 283 559 299 bene
571 283 606 299 scit
617 282 665 305 quod
678 283 717 305 ipsa
730 283 796 300 Jacoba
808 283 844 306 ipsi
855 283 964 300 ministravit
975 286 1035 305 potus,
1046 283 1096 300 vide-

183 316 315 338 licetqumndam
325 316 361 337 (sic)
371 316 459 337 liquorem
472 315 536 332 claram
547 315 570 331 de
580 321 621 337 qua,
632 319 727 337 antequam
738 315 777 337 ipse
787 314 863 338 potaret,
875 316 914 338 ipsa
924 316 989 332 Jacoha
999 321 1031 332 seu
1041 315 1095 332 altera

183 354 211 370 pro
224 353 241 364 ea
252 348 321 369 potavit,
334 347 428 369 quodque‘
441 351 479 364 erat
492 347 538 363 clara
551 350 568 363 et
580 347 634 367 horta,
648 350 703 369 prout
716 347 786 363 videtur
799 347 840 369 ipsi,
855 347 890 364 Sed
903 347 925 364 de
937 347 977 363 aliis
989 347 1044 364 nichil
1055 347 1094 368 scit„

183 384 198 397 et
204 380 267 401 [nescit]
274 380 320 402 quod
328 379 374 396 dicta
381 379 446 396 Jacoba
454 385 474 396 se
482 379 565 400 collocat,
571 379 612 402 quia
621 385 677 402 super
685 379 770 396 omnibus
778 379 866 396 residuis'
875 380 973 402 respondet
981 380 1029 402 quod
1040 379 1096 396 nichil

183 413 212 429 scit
220 412 252 428 nisi
262 415 348 434 qnatenus
357 412 403 428 circa
416 418 455 428 eum
469 412 508 434 ipsa
522 412 587 428 Jacoba
599 412 633 428 snit
645 415 718 434 operatu
730 415 748 428 ct
760 415 814 434 prout
824 412 907 434 predixit,
916 414 947 428 etc.
962 412 1006 428 Item
1019 412 1096 428 interro-

182 448 227 467 gatus
235 444 249 460 si
258 444 342 467 premissa
353 444 396 461 dixit
406 450 466 461 amore
476 444 505 461 vel
515 444 557 461 odio
567 448 596 461 aut
604 444 663 464 aliter,
674 444 718 460 dicit
725 450 757 466 per
762 444 885 466 juramentum
896 450 955 464 sunm„
963 445 1012 466 quod
1023 444 1095 461 nonnisi

182 482 211 499 pro
219 482 258 498 pura
268 476 340 493 veritate
350 476 431 493 dicenda,
442 477 487 493 Item
497 476 620 499 interrogatus
632 482 684 498 quain
696 479 764 498 partem
778 476 839 492 mallet
851 476 933 492 obtinere
946 476 964 492 in
977 476 1023 493 dieta
1035 482 1096 497 causa,

182 509 218 525 dicit
227 508 271 525 illam
281 514 314 531 que
321 509 352 531 jus
362 508 420 525 habet.

218 541 303 557 Johaunes
313 541 375 561 Faber.
384 547 498 557 commorans
508 547 564 563 prope
574 541 646 558 Turrim
657 541 745 561 Parisius,
755 541 807 558 testis
817 541 924 563 productus,
934 544 973 562 elan,
984 540 1014 557 die
1024 541 1096 557 veneris

181 577 216 590 ame
230 573 291 590 sest-un
308 574 363 590 saneti
380 573 474 594 Dionisii',
493 574 591 596 requisitus
606 574 622 589 si
637 574 708 590 noverit
725 577 790 596 partes,
808 576 848 594 etei,
864 573 907 590 dicit
921 573 970 595 quod
986 573 1057 595 aliquos
1074 574 1096 590 de

181 605 262 628 magistris
275 605 296 622 de
308 605 348 622 visu
361 605 416 626 novit,
431 605 503 628 aliquos
516 611 559 626 nonv
573 606 638 622 dictam
651 611 695 622 vero
708 605 791 622 Jacobain
805 606 862 626 novit,
876 606 917 628 quia
930 606 965 628 ipsi
975 605 1006 627 qui
1017 605 1096 628 loquitur

181 637 239 654 bonum
248 637 294 658 feeit,
303 641 321 654 ut
328 638 377 654 dicit.
386 638 491 659 chnisitus
502 638 546 660 quid
556 638 601 654 sciat
611 638 633 654 de
644 638 735 654 contentis
745 638 764 654 in
774 638 855 654 articulis
866 638 970 660 respondet,
981 638 1030 660 quod
1040 638 1096 660 patie-

180 669 225 686 batur
238 670 275 692 ipse
291 670 382 692 quntndani
397 670 519 686 infirmitatem
534 670 552 686 in
566 670 624 692 capite
639 674 657 687 et
670 670 688 686 in
705 670 779 687 auribus
794 670 833 687 suis
848 673 929 693 tempore
945 670 1006 693 magni
1023 670 1095 691 caloris,

180 702 255 718 videlicet
269 705 308 718 ante
323 703 387 719 sest-nn
402 702 503 719 Nativitatis
516 702 564 719 beati
577 702 672 723 Johannis,
687 706 705 719 et
718 703 767 725 quod
782 703 820 725 ipsa
834 702 899 719 Jacoba
915 703 974 725 ipsum
988 702 1066 719 visitavit
1079 706 1097 719 et

181 734 221 750 circa
233 734 288 756 ipsum
298 737 362 750 tantam
371 740 432 750 curam
442 734 525 750 adhibuit
534 734 584 756 quod
594 740 626 756 per
636 734 739 756 potationes
752 740 797 757 quas
810 734 885 751 tradidit
897 734 936 757 ipse
947 737 1020 751 sanatus
1029 735 1063 751 fnit
1075 734 1096 751 ab

181 767 214 788 ejus
223 766 320 783 infirmitate
333 770 351 783 ct
363 766 395 783 Dei
409 766 475 783 auxilio
486 766 583 784 mediante.
599 767 724 790 Interrogatus
737 773 782 790 quas
796 767 880 790 potiones
893 767 951 784 eidem
966 766 1039 784 tradidit
1052 769 1097 788 [res-

180 799 236 821 pondit
247 799 291 821 quod
303 799 367 816 Jacoba
377 799 393 815 ei
406 799 490 821 potiones
500 799 621 819 ministravit]‚
634 805 710 821 quarum
720 805 755 816 una
768 802 806 816 erat
818 799 889 820 viridis,
899 802 917 816 et
929 800 1008 816 secunda
1019 802 1036 816 et
1046 800 1098 816 tertia

180 831 263 852 clariores,
277 831 308 848 sed
322 831 413 854 quomodo
428 834 560 853 componantur
576 831 641 848 nescit.
659 832 785 854 Interrogatus
800 832 814 848 si
831 832 876 848 dicta
891 831 957 848 Jacoba
971 832 995 848 sit
1011 835 1098 848 consueta

180 864 244 880 visitare
257 864 342 884 infirmos,
358 863 401 880 dicit
414 863 464 886 quod
479 863 512 884 sic,
527 866 581 886 prout
594 863 663 880 audivit
678 863 714 880 dici
726 870 735 880 a
745 864 836 886 pluribus,
851 863 976 886 Interrogatus
987 864 1002 881 si
1012 864 1099 880 conduxit

180 901 215 912 cum
226 902 244 912 ea
256 896 276 912 de
286 896 365 912 sanando
376 895 460 916 eundem,
471 895 515 912 dicit
525 896 573 918 quod
585 901 627 912 non.
639 896 736 918 Postquain
747 896 780 912 suit
790 899 870 916 sanatus,
881 896 937 918 ipsam
948 896 1035 913 satisfecit
1045 899 1098 919 prout

180 928 234 945 voluit.
245 928 345 950 Requisitus
355 928 371 944 si
381 933 419 944 earn
429 928 499 944 viderat
508 927 558 948 alibi,
570 928 669 950 respondet
680 928 728 950 quod
739 934 782 948 non,
792 931 832 948 eici,
843 930 875 944 etc.

218 960 300 977 Dominus
312 960 351 977 Odo
362 960 384 976 de
394 960 528 980 Cormessinco,
538 960 594 976 frater
603 960 669 976 domus
680 960 713 976 Dei
724 960 840 980 Padsiensis„
853 960 905 976 testis
915 963 932 976 et
943 960 1042 982 requisitus
1054 960 1098 982 quid

180 992 219 1009 sciat
227 992 247 1009 de
256 992 343 1009 contentis
352 992 371 1008 in
381 991 468 1012 articulis&
480 994 520 1012 etei,
531 991 627 1013 respondit
638 991 673 1008 hoc
684 991 706 1008 de
715 992 757 1014 jure
768 997 800 1013 per
812 997 865 1008 suum
873 992 1002 1013 jurameutum,
1013 991 1099 1008 videlicet

179 1024 222 1046 quod
234 1030 270 1041 cum
286 1024 324 1047 ipse
338 1024 359 1041 ad
374 1024 440 1040 festum
454 1024 556 1041 Nativitatis
570 1023 618 1040 beati
632 1023 721 1040 Johannis
736 1023 827 1041 extitisset
840 1024 891 1046 gravi
906 1024 1008 1041 infirmitate
1023 1027 1041 1040 et
1051 1027 1099 1041 tanta

179 1057 222 1079 quod
232 1057 255 1076 ‚de
267 1057 350 1073 membris
364 1056 402 1073 suis
416 1062 436 1072 se
447 1056 512 1078 juvare
526 1062 563 1072 non
578 1059 649 1078 poterat
663 1056 756 1076 detentus,
771 1059 789 1072 et
803 1056 861 1078 ipsum
877 1056 964 1078 magister
973 1056 1066 1073 ,lohannes
1076 1056 1099 1072 de

179 1089 228 1105 Turre
240 1089 328 1106 visitasset
340 1092 357 1105 et
371 1088 432 1111 plures
445 1088 476 1104 alii
490 1088 572 1111 magistri
586 1088 605 1104 in
618 1088 715 1109 medicina,
726 1088 811 1105 videlicet
824 1088 907 1111 magistri
917 1088 1015 1105 Martinus·
1026 1092 1044 1105 et
1054 1089 1099 1105 Her-

179 1127 234 1138 manus
247 1124 263 1137 et
275 1121 335 1143 plures
348 1121 384 1141 alii,
395 1124 413 1136 et
426 1120 465 1142 ipse
480 1126 500 1137 se
514 1120 581 1137 deferri
595 1120 639 1137 fecit
651 1120 670 1136 in
682 1121 755 1137 domum
769 1120 817 1137 dicte
830 1120 898 1137 Jacobe
908 1124 926 1137 et
937 1120 1004 1137 ibidem
1018 1120 1100 1142 aliquan-

180 1153 229 1170 tulum
241 1153 278 1174 suit,
288 1157 306 1169 et
318 1156 353 1170 tum
367 1150 486 1176 postmodum
493 1153 533 1175 ipsa
545 1152 612 1170 Jacoba
625 1153 686 1175 ipsum
698 1153 779 1170 visitavit
791 1156 810 1170 et
822 1153 870 1175 apud
886 1153 969 1169 balneola
981 1156 1000 1170 et
1013 1153 1031 1169 in
1045 1153 1099 1169 domo

178 1186 207 1202 Dei
214 1186 294 1208 predicta,
304 1189 322 1202 et
331 1186 388 1202 eidem
399 1185 449 1202 dedit
459 1188 477 1202 et
488 1185 575 1208 magister
584 1185 678 1202 Johannes
688 1191 729 1202 cuin
740 1186 778 1208 ipsa
787 1185 854 1202 Jacoba
864 1191 978 1202 commorans
989 1185 1100 1208 potationem

178 1218 196 1234 ad
205 1223 293 1238 cameram,
307 1221 325 1234 et
338 1218 396 1234 eidem
412 1218 497 1235 fecerunt
510 1218 569 1240 pluria
584 1218 648 1235 balnea
666 1221 684 1235 et
700 1218 792 1241 struphas=
808 1218 905 1240 ipsumque
922 1218 992 1240 pluries
1009 1221 1101 1234 unxerunt

178 1253 193 1266 et
205 1253 248 1266 tanta
263 1256 303 1267 eura
319 1250 377 1271 [circa]
393 1250 453 1272 ipsum
471 1250 600 1267 laboraverunt
616 1251 663 1267 dicta
679 1251 746 1268 jacoba
763 1254 781 1268 et
798 1251 857 1267 dictus
876 1250 968 1267 lohannes
985 1250 1034 1273 quod
1051 1250 1099 1267 idem

178 1282 244 1299 omnino
258 1285 327 1299 sanutus
341 1283 381 1303 suit,
396 1285 414 1299 et
427 1283 495 1300 herbas
509 1283 545 1300 sibi
561 1284 658 1305 dederunt,
674 1284 760 1301 videlicet
772 1284 862 1300 seuilles¹⁰
875 1283 982 1304 camemilh,
997 1283 1068 1300 metilot
1082 1287 1100 1309 et

177 1314 215 1331 alias
226 1314 289 1331 herbas
303 1315 449 1337 quamplurimas,
466 1315 489 1333 de
504 1316 572 1338 quibus
583 1322 621 1333 non
633 1316 704 1333 recolit.
719 1317 763 1333 item
776 1316 825 1339 quod
844 1316 867 1333 de
882 1316 960 1333 consilio
972 1315 1021 1333 dicte
1032 1316 1099 1334 Jacohe
