1273 1538
178 56 211 73 260
465 61 624 74 cnuvrumimun
641 62 736 73 uuivens.
753 62 817 73 Panis.
1049 55 1091 74 [1322

179 97 238 114 dictus
250 97 342 114 lohannes
354 97 397 114 fecit
409 98 504 119 quemdam
518 99 578 121 ignem
589 98 611 115 de
623 97 733 114 carbonibus
745 98 768 114 de
780 97 895 120 longitudine
905 101 923 114 et
932 97 1023 114 latitudine
1035 97 1091 119 ipsius,

179 135 233 152 super
248 136 284 152 quo
299 130 342 153 igne
356 130 417 152 posuit
430 130 496 147 herbas
514 130 582 152 plures,
597 133 616 146 et
630 133 671 152 post
685 136 740 152 super
754 130 781 147 eis
796 130 858 146 herbis
874 130 917 146 fecit
931 130 988 152 ipsum
1002 129 1063 146 cubare
1077 134 1092 147 et

178 162 245 179 ibidem
258 163 326 184 jacere„
341 168 436 185 quousque
450 162 489 185 ipse
504 162 590 179 sudorem
604 162 655 179 dedit
669 162 774 183 maximum3
790 166 808 179 et
824 162 938 185 postmodum
951 162 1008 184 ipsum
1023 162 1092 179 involve-

178 198 221 211 runt
232 195 250 211 in
261 195 339 217 quodam
351 194 468 211 lintlieamine
479 198 496 211 et
508 198 610 217 posuerunt
620 201 661 212 eum
673 195 692 211 in
705 200 738 211 suo
749 195 804 216 lecto,
817 198 834 211 et
847 195 893 212 circa
906 195 963 217 ipsum
979 198 1040 211 tantam
1051 195 1092 211 adhi⁴

178 226 257 244 buerunt
269 227 381 250 diligentiam
397 227 444 249 quod
460 227 493 244 Dei
504 227 571 244 auxilio
583 230 601 244 et
613 227 659 244 dicta
674 233 716 244 eura
730 227 852 244 mediantibus
865 230 937 244 sanatus
949 227 1010 244 extitit.
1023 228 1093 244 Interro-

179 263 231 283 gatus
245 260 260 277 si
278 260 316 282 ipsa
333 260 414 276 tractavit
426 266 466 276 cum
484 266 506 277 eo
519 260 541 276 de
557 259 648 277 visitando
665 263 683 277 et
699 260 779 277 sanando
796 260 862 283 ipsum,
881 260 923 277 dicit
938 260 985 282 qued
999 266 1039 280 non,
1053 260 1093 277 etei

180 293 267 309 satisfecit
277 296 331 315 prout
340 292 419 309 voluerit
431 293 503 315 quando
514 296 587 309 sanatus
599 293 639 314 suit,
650 296 668 310 et
677 293 736 310 credit
746 293 810 310 melius
822 299 874 315 quam
887 292 971 309 aliter
982 293 1093 315 Interrogatus

179 326 194 342 si
209 325 251 342 alibi
267 325 347 342 Parisius
361 329 379 342 et
391 325 408 342 in
424 325 518 342 suburbiis
527 326 647 342 visitaverunt
660 326 731 346 [Jacoba
748 329 766 343 et
781 325 879 346 lohannes]
896 325 982 345 infirmos,
998 325 1039 342 (licit
1052 326 1093 348 quod

179 358 238 375 nescit
253 358 289 374 nisi
305 358 327 375 de
340 358 409 379 auditu,
420 364 441 375 eo
457 362 515 375 tamen
530 362 613 381 excepto,
625 364 658 375 nec
672 358 720 375 aliud
733 358 772 375 scitv
779 359 871 381 deponere
885 359 907 375 de
920 358 1002 375 omuibus
1014 359 1093 375 contentis

178 391 196 407 in
208 390 294 412 articulis,
306 391 341 408 nisi
355 391 404 413 quod
416 391 485 408 audivit
497 391 532 408 dici
543 397 551 408 a
562 391 646 414 pluribus
656 391 706 414 quod
716 392 755 414 ipsa
765 394 793 408 est
804 391 904 414 sapientior
914 391 930 407 in
942 394 978 408 arte
989 390 1070 413 cirurgica
1079 395 1092 408 et

179 423 268 440 medicine
279 429 332 446 quain
342 424 428 447 magister
438 424 520 441 medicus
530 427 548 440 et
557 423 659 447 cirurgicus
670 424 701 447 qui
711 424 735 441 sit
744 424 832 444 Par-isius,
842 427 882 444 etc„
892 426 923 441 etc>

222 456 324 474 Clementia
334 456 356 473 de
367 456 450 477 Belvaco=
461 457 530 479 poteria
543 457 565 473 de
576 460 646 477 stanno,
658 462 772 474 commorans
783 460 823 473 ante
834 457 918 479 palatium
930 456 984 480 regis,
995 457 1048 477 testis,
1059 459 1092 478 eta,

178 490 207 507 die
219 489 309 506 dominica
321 493 362 506 ante
375 490 441 507 festum
454 489 501 506 beati
516 490 563 506 Luce
577 489 706 513 evangeliste¹¹
718 490 805 512 requisita
818 490 861 512 quid
876 490 920 507 sciat
933 489 954 506 de
968 489 1049 510 articulis,
1060 493 1092 511 βω,

178 523 278 545 respondet
294 528 326 546 per
344 523 466 545 juramentum
487 528 506 539 se
526 522 582 539 nichil
602 523 649 540 scire
667 523 715 544 [nisi]
732 523 787 546 quod,
805 529 845 539 cum
865 523 903 546 ipsa
923 526 1011 546 pateretur
1029 522 1093 540 infirmi-

178 559 230 572 tatem
245 555 311 573 caloris
325 559 343 572 et
356 559 405 572 esset
419 556 437 572 in
451 555 535 572 manibus
548 555 667 578 phisicoruin,
682 556 757 573 maritus
770 556 829 578 ipsius
842 556 910 573 audivit
923 556 957 573 dici
969 562 978 573 a
990 556 1064 573 Johanne
1075 556 1093 573 de

178 589 242 606 Sancto
257 589 361 605 Audomaro
377 589 426 611 quod
441 589 487 605 dicta
502 588 568 606 Jacoba
583 589 643 612 ipsum
658 592 676 605 et
691 589 737 606 :ilios
752 589 774 605 de
790 588 924 606 infirmitatibus
939 589 976 606 suis
991 595 1040 612 quam
1053 589 1093 612 passi

178 622 249 638 fuerant
260 625 354 639 sanaverat
366 621 432 638 auxilio
446 622 479 638 Dei
491 622 587 639 mediante.
602 623 624 638 Et
636 625 679 638 tunc
692 622 767 639 maritus
779 622 819 645 ejus
833 622 881 639 misit
893 622 957 639 dictam
969 622 1047 639 ,tacebam
1058 628 1093 645 que-

178 655 239 672 situm,
255 655 294 676 Que
306 660 347 671 cum
361 655 447 676 venisset,
461 654 501 677 ipsa
513 654 579 672 Jacoba
593 655 673 678 respexit
685 655 755 672 urinam
768 658 786 672 et
798 655 857 678 tetigit
869 655 941 678 pulsum
953 655 1009 678 ipsius
1020 655 1070 672 nichil
1080 655 1094 672 ei

179 688 263 705 dicendo.
274 688 297 704 Et
306 693 346 704 cum
359 687 393 704 hoc
406 688 487 708 fecisset,
499 688 537 711 ipsa
547 687 614 705 Jacoba
627 688 670 705 secit
681 688 721 705 fieri
733 688 828 710 quemdam
841 691 902 711 potum
915 688 936 705 de
947 688 1027 711 pluribus
1035 688 1093 709 herbis,

178 720 265 737 videlicet
278 720 301 737 de
310 720 351 737 .„.¹¹
365 724 383 737 et
396 720 436 737 aliis
446 721 469 737 de
480 720 547 743 quibus
556 727 593 738 non
606 720 676 742 recolit,
690 721 711 738 ad
721 721 775 737 finem
786 721 835 743 quod
846 721 884 744 ipsa
896 720 967 738 biberet
978 721 1000 738 de
1009 721 1072 742 eodem,
1081 724 1095 738 et

179 759 219 771 curn
232 753 292 771 dictus
305 757 359 777 potus
370 754 427 771 sactus
439 754 473 771 fuit
486 757 503 771 et
515 754 575 777 ipsum
585 754 663 771 vidisset
674 754 713 777 ipsa
726 753 811 777 loquens,
822 753 844 771 tle
855 759 876 771 eo
888 758 961 777 propter
971 754 1095 772 horribilitatem

180 791 233 810 potus
247 787 311 804 bibere
327 787 391 808 noluit,
407 787 518 810 maritusque
534 793 578 804 suus
592 791 610 804 et
623 787 689 810 phisici
703 787 731 804 sui
747 787 866 804 inhibuerunt
880 788 945 808 eidem,
959 790 978 804 ut
989 788 1036 808 dicit,
1047 793 1067 804 ne
1077 787 1095 804 de

178 820 219 843 ipso
232 823 275 843 potu
286 823 362 842 pomi-et*
376 821 489 843 Interrogata
499 820 515 837 si
525 820 571 837 sciat
582 820 597 837 si
607 820 652 837 alius
663 820 746 837 infirmos
756 820 860 837 visitaverat
869 821 949 837 Parisius
959 823 977 837 et
987 821 1005 837 in
1015 820 1095 837 suburbiis

179 855 197 869 et
206 853 221 870 si
232 853 266 870 suit
277 859 354 876 presens
365 853 383 869 in
393 853 529 870 visitationibus
541 859 611 874 eorum,
622 856 662 874 etc.=
676 853 776 876 respondet
787 859 808 870 se
819 853 874 870 nichil
887 853 933 870 seire
945 856 1004 876 preter
1015 853 1046 870 hoc
1055 853 1096 876 quod

179 886 263 909 predixit,
275 886 310 902 nisi
321 886 369 908 quod
380 885 449 903 audivit
458 886 494 902 dici
505 886 554 908 quod
564 886 603 909 ipsa
613 886 714 903 Johannem
726 886 748 902 de
759 886 824 903 Sancto
834 886 937 903 Audomaro
947 889 964 903 et
974 886 1017 903 alios
1026 886 1096 903 infirmos

178 919 259 936 Parisius
272 925 319 941 quos
335 925 371 935 non
385 919 441 939 novit,
454 919 477 935 (le
490 924 552 936 eorum
569 918 705 936 infirmitatibus
717 919 793 939 sanavit,
806 921 837 936 eu:
852 919 896 936 Item
910 925 960 941 quam
973 922 1036 942 partem
1046 919 1097 936 mallet

178 952 261 969 obtinere
272 952 291 968 in
301 952 333 969 hac
344 958 404 972 causa=
416 952 460 968 dixit
469 951 518 968 illam
530 958 565 974 que
573 952 605 974 jus
614 951 676 968 habet.

222 985 304 1002 Johanna
319 991 365 1001 uxor
379 985 457 1001 Dionisii
472 985 516 1001 dicti
531 985 610 1005 Bilbaut,
622 991 737 1002 commorans
751 985 770 1001 in
784 985 825 1002 vico
839 985 862 1001 de
877 985 1011 1002 Ferronnerie'¹
1023 985 1096 1005 Pam‘sius,

179 1018 238 1038 testis,
253 1020 294 1038 13th
309 1017 427 1040 interrogata,
440 1020 481 1039 eta,
493 1018 589 1040 respondit
604 1024 637 1041 per
648 1018 772 1040 juramentum
788 1018 836 1040 quod
855 1024 895 1035 cum
911 1018 958 1034 circa
974 1018 1035 1034 festum
1050 1017 1097 1034 sancti

178 1051 292 1067 Cristosori¹*
302 1051 385 1073 preteriti
395 1051 433 1073 ipsa
444 1054 494 1067 esset
504 1050 608 1067 infirmitate
618 1051 675 1067 febris
686 1051 759 1068 detenta
768 1057 845 1073 eamque
857 1051 876 1068 in
884 1051 930 1067 dicta
940 1050 1098 1071 infirmitatevisita-

179 1086 221 1100 runt
238 1083 368 1106 quamplurimi
385 1083 456 1106 phisici,
477 1083 564 1100 videlicet
580 1083 653 1106 quidam
671 1083 727 1100 frater
743 1084 766 1100 de
785 1083 879 1104 Cordelis,
897 1084 982 1106 magister
1001 1084 1097 1104 Hermanns,

178 1116 307 1133 Mainsredus¹¹
321 1119 339 1132 et
351 1116 425 1139 plurimi
437 1115 474 1137 alii,
488 1116 510 1133 de
523 1116 571 1133 dieta
584 1116 688 1133 infirmitate
702 1117 725 1133 ita
737 1117 772 1133 suit
781 1122 870 1139 oppressa
881 1116 929 1139 quod
941 1116 1014 1139 quadam
1024 1117 1051 1133 die
1060 1122 1098 1133 mer-

178 1149 224 1166 curii
240 1149 288 1166 circa
302 1149 368 1166 festum
386 1148 488 1172 predictum
505 1148 556 1171 loqui
573 1155 610 1166 non
627 1149 692 1172 potuit,
711 1149 814 1172 phisieique
829 1150 905 1172 predicti
922 1155 960 1166 eam
972 1149 1070 1172 judicabant
1080 1149 1098 1166 ad

178 1185 262 1199 mortem.
278 1182 300 1198 Et
313 1182 337 1198 ita
351 1182 417 1198 suisset
429 1181 452 1198 de
465 1187 486 1198 ea
502 1181 537 1198 nisi
555 1182 602 1199 dicta
619 1181 687 1199 Jacoba
703 1182 842 1205 supervenisset
857 1182 879 1199 ad
897 1185 998 1205 requestam
1014 1182 1066 1205 ipsius
1081 1182 1099 1199 ad

178 1221 224 1232 eam.
237 1215 277 1236 Que
290 1220 331 1231 cum
343 1215 431 1235 venisset,
446 1214 485 1237 ipsa
498 1214 569 1231 urinam
579 1215 625 1232 vidit
637 1215 697 1238 ipsius
707 1218 725 1232 et
734 1215 808 1238 pulsum
820 1215 902 1238 ejusdem
914 1215 996 1238 palpavit,
1006 1218 1023 1232 et
1031 1219 1099 1238 postmo-

177 1248 221 1265 dum
231 1248 327 1271 quamdam
338 1254 402 1271 aquam
412 1248 448 1271 ipsi
458 1247 524 1264 claram
536 1247 587 1264 dedit
596 1248 618 1264 ad
629 1248 736 1271 potandum,
749 1251 767 1264 et
777 1248 828 1264 dedit
837 1248 873 1265 sibi
883 1248 926 1265 alias
936 1248 1016 1271 eirupum
1025 1249 1045 1265 ad
1055 1248 1099 1265 finem

177 1281 227 1304 quod
239 1281 275 1298 iret
287 1281 309 1298 ad
319 1287 415 1298 eameram*
429 1282 452 1298 Et
463 1281 510 1298 adeo
523 1281 613 1298 laboravit
626 1281 674 1298 circa
688 1281 745 1304 ipsam
759 1281 810 1303 quod
819 1287 828 1297 a
841 1281 888 1298 dicta
900 1281 1001 1299 infirmitate
1013 1282 1064 1304 gratia
1073 1282 1099 1299 Dei

178 1311 269 1332 mediante
283 1317 345 1331 sanata
358 1314 423 1332 extitit.
438 1315 461 1332 Et
475 1318 504 1332 est
513 1315 624 1337 interrogata
637 1314 653 1331 si
665 1314 711 1332 vidit
721 1314 778 1337 ipsam
791 1314 875 1331 Jacoham
888 1314 933 1331 alios
943 1315 1022 1332 infirmos
1031 1315 1099 1333 visitare.
