1273 1538
186 48 229 67 133¹]
375 54 398 66 ΑΒ
415 54 468 66 nmo
486 53 603 66 ueczxxxw
621 54 687 69 usque
704 55 728 66 An
746 54 815 66 Annum
831 54 903 66 necet.
1071 47 1104 65 345

185 92 221 108 terit
234 91 344 109 observatum
359 95 377 108 et
390 94 505 112 consuetum,
520 91 570 114 quod
585 91 603 107 iu
618 91 647 108 die
661 91 703 108 festi
718 90 847 114 gloriosissimi
862 90 909 108 beati
924 90 998 108 Firmini
1010 90 1103 114 martyris'

185 125 258 148 quolibet
267 131 312 141 anno
322 125 340 142 in
350 125 437 141 honorem
448 124 482 141 Dei
492 127 510 141 et
519 124 576 141 sancti
587 124 686 147 supradicti
697 124 778 147 magistri
789 127 807 141 ct
817 124 897 141 scolares
908 124 954 141 dicte
965 124 1043 141 diocesis
1054 123 1102 141 Pari-

185 159 218 175 sius
225 158 288 175 faciunt
296 164 347 175 unam
357 158 430 175 missam
439 161 456 174 et
463 157 546 174 fecerunt
555 157 653 178 celebrari3
665 163 697 180 pro
705 163 739 180 qua
748 157 821 180 quidem
829 158 884 174 missa
894 157 1002 174 celebranda
1010 161 1027 174 et
1035 157 1101 174 solem-

185 192 233 209 nitate
244 191 301 208 debita
313 191 359 208 dicta
373 191 402 207 die
415 190 496 207 facienda
511 196 575 207 omnes
587 194 605 207 et
617 190 686 213 singuli
699 190 779 208 scolares
795 191 842 208 dicte
855 191 940 212 diocesis,
955 190 1098 211 determinaturi,

184 225 282 242 licentiaturi
292 225 319 241 vcl
329 224 418 247 incepturi
429 224 447 241 in
456 223 541 240 facultate
550 224 631 246 predicta
641 223 713 241 solvere
723 224 831 241 tenebantur
841 227 858 241 et
869 227 952 241 tenentur
962 230 1014 241 unam
1025 224 1097 241 bursam

183 258 264 282 receptori
279 258 325 275 dicte
341 257 426 279 diocesis=
444 257 515 281 qualem
532 257 627 275 solvebant
644 260 662 274 et
678 257 751 275 solvunt
766 258 854 281 receptori
870 258 924 275 totius
941 261 1003 275 nostre
1019 258 1097 275 nationis

184 292 285 315 supradicte;
300 295 317 309 et
332 292 372 315 quia
386 291 442 314 aliqui
454 290 535 308 scolares
551 295 602 308 crant
616 291 646 314 qui
661 291 732 308 fuerant
747 291 825 308 rebelles
838 292 856 308 in
870 291 957 309 solvendo
971 292 1043 309 bursam
1057 298 1097 315 pre-

183 325 249 345 dictam,
264 325 361 342 secundum
376 324 423 347 quod
439 324 526 341 hactenus
542 324 600 341 extit-it
615 324 654 341 fieri
668 327 784 345 consuetum,
800 330 833 342 nec
847 325 937 342 habebant
952 325 1047 348 privilegia
1064 331 1096 342 seu

182 361 239 376 statuta
251 349 283 375 alia
298 364 329 381 per
342 364 377 381 que
390 361 467 380 possent
481 357 532 380 ipsos
546 357 627 374 scolares
641 357 663 374 ad
675 357 709 374 hec
723 357 840 381 compellere,
854 358 889 375 nisi
903 358 988 375 duntaxat
999 363 1096 376 consuetu-

183 392 236 409 dinem
246 392 369 415 supradictam,
379 394 397 408 et
406 391 474 408 idcirco
486 391 539 408 nobis
548 391 642 408 humiliter
651 391 800 414 supplicaverunt
810 391 878 408 eisdem
887 397 942 414 super
949 391 978 409 his
986 392 1008 409 de
1016 392 1096 409 remedio

183 428 275 448 opportuno
289 424 392 448 provideri:
404 430 437 441 nos
453 424 509 447 igitur
523 424 572 447 pium
587 428 605 441 et
619 424 704 441 devotum
720 424 801 447 ipsorum
818 425 930 447 propositum
946 426 1060 443 attendentes
1076 431 1096 442 ac

183 458 314 480 considerantes,
325 458 373 482 quod
387 458 462 481 pecunia
476 458 541 475 exinde
555 458 659 481 recipienda
671 458 689 474 in
700 458 740 481 pios
750 461 767 475 et
777 458 881 475 salutiferos
891 464 941 479 usus,
952 462 970 475 et
980 458 999 475 in
1010 464 1096 482 augmen-

184 496 215 509 tum
229 491 284 509 cultus
299 492 354 509 divini
368 491 487 513 convertitur,
502 492 583 515 ipsorum
599 492 726 515 magistrorum
741 492 797 514 justis
815 495 832 509 et
846 491 916 509 devotis
933 492 1096 515 supplicationibus

183 525 260 546 inclinati,
274 525 365 549 cupientes
378 525 529 542 consuetudinem
542 525 641 548 predictam
656 525 764 542 laudabilem
778 529 796 542 et
809 525 933 548 prescriptam,
946 529 964 542 et
976 525 1000 542 ob
1013 531 1097 543 reveren-

183 559 219 576 tiam
228 559 258 575 Dei
268 558 394 582 omnipotentis
409 559 503 581 sanctique
516 559 615 582 supradicti
626 558 757 576 rationabiliter
768 559 895 580 introductam,
905 559 979 582 jurique
991 565 1096 580 consonam,

183 592 243 609 illesam
252 592 342 615 perpetuis
352 592 464 615 temporibus
474 592 604 609 inviolabiliter
613 592 713 614 observari,
722 593 818 610 statuimus
828 593 847 609 in
857 593 905 610 hunc
915 592 989 609 modum
1000 598 1003 609 :
1012 592 1097 610 videlicet

183 625 224 649 quod
238 625 310 648 quilibet
324 625 399 642 scolaris
414 625 461 643 dicte
474 626 554 643 diocesis
565 626 694 643 Ambiauensis
706 626 791 643 decetero
806 626 958 643 determinaturus
972 626 1000 643 vel
1017 626 1096 643 licentia-

183 662 234 680 turus,
244 658 271 676 vel
280 659 384 682 incepturus
394 659 412 676 in
425 659 510 676 facultate
522 659 586 676 artium
597 659 683 683 predicta,
693 660 806 683 procuratori
817 663 879 677 nostre
888 659 967 677 nationis
978 659 1009 682 qui
1019 659 1054 677 erit
1064 665 1096 683 pro

183 696 254 715 tempore
268 698 302 710 una
316 698 355 709 cum
369 692 410 710 aliis
421 693 530 715 juramentis
544 693 563 710 in
579 693 644 710 talibus
659 694 736 716 prestari
751 693 844 711 consuetis
855 694 917 716 jurare
933 693 1031 714 tenebitur,
1044 694 1097 716 cujus

182 726 252 743 diocesis
265 726 303 749 ipse
317 726 393 743 scolaris
407 726 434 743 sic
448 726 608 748 determinaturus,
624 727 750 744 licentiaturus
761 727 790 744 vel
803 727 909 750 incepturus
923 727 987 744 existat
1001 727 1096 744 oriundus.

182 760 226 781 Item,
232 760 290 783 jurare
300 759 391 777 tenebitur
398 760 447 783 quod
455 763 550 783 antequam
559 760 674 781 determinet,
683 760 773 777 licentiam
786 760 866 783 recipiat,
875 760 904 777 vel
911 760 985 784 incipiat
992 760 1011 777 in
1020 760 1096 782 artibus,

181 793 215 816 ipse
224 793 291 810 solvere
301 793 391 811 tenebitur
400 794 491 816 receptori
503 793 546 810 dicti
556 794 673 817 episcopatus
682 794 811 811 Ambianensis
821 794 840 811 in
851 794 897 811 dicta
908 797 969 811 nostra
981 794 1071 815 facultate,
1081 794 1097 811 si

181 827 233 844 dictus
242 826 314 844 scolaris
326 827 348 844 de
360 827 407 844 dicta
420 827 489 844 diocesi
502 827 586 848 extiterit,
598 834 651 844 unam
664 827 743 845 bursam<
755 828 806 849 ltem,
817 831 835 844 et
842 828 911 850 jurare,
921 828 970 851 quod
979 828 995 845 si
1005 827 1098 851 contingat

181 860 233 883 ipsum
242 860 326 878 scolarem
336 860 401 878 futuris
412 860 525 883 temporibus
535 864 647 883 receptorem
656 861 695 878 fore
702 861 746 878 dicti
756 861 784 878 sui
792 861 909 884 episcopatus
915 861 1050 882 Ambianensis,
1058 861 1098 884 ipse

180 894 331 917 perjuraiuentum
342 894 433 911 tenebitur
443 894 520 911 reddere
531 894 598 911 bonum
609 898 627 911 et
641 894 694 911 fidele
707 897 811 917 compotum
826 894 917 917 magistris
929 894 972 911 dicti
986 894 1014 911 sui
1028 894 1097 917 episco-

179 931 225 951 patus
234 928 359 945 Ambienensis
370 931 413 945 tunc
423 927 531 951 regentibus
541 928 587 944 infra
598 931 638 945 octo
649 928 689 945 dies
699 931 794 951 postquam
806 931 876 951 tempus
887 928 934 945 dicte
944 934 977 945 sue
987 928 1097 951 receptionis

179 961 227 979 fuerit
233 962 335 984 expiratum,
344 965 361 978 et
368 961 473 979 satisfacere
482 961 504 978 de
512 961 588 984 pecunia
597 967 632 984 que
640 961 716 978 restabit
723 961 744 978 ad
753 961 860 978 solvendum
872 967 894 978 ex
903 961 964 978 bursis
972 961 1097 984 supradictis&

218 995 310 1012 statuimus
324 995 398 1018 insuper
411 994 460 1017 quod
474 1000 521 1011 anuo
535 994 617 1018 quolibet
630 994 649 1011 in
662 994 709 1011 festo
722 994 768 1011 beati
782 994 880 1017 Dionysii‘,
890 994 919 1011 vel
932 994 961 1011 die
974 995 1057 1018 sequenti
1068 994 1098 1012 fiet

180 1034 221 1046 unus
236 1032 315 1052 receptor
331 1029 378 1046 dicte
395 1028 475 1045 diocesis
492 1034 525 1051 per
541 1028 638 1051 magistros
654 1028 734 1045 diocesis
751 1028 833 1051 ejusdem
850 1028 872 1045 ad
889 1028 922 1045 hec
939 1028 1049 1046 sufficienter
1066 1034 1098 1051 per

180 1062 261 1080 bedellum
277 1066 368 1083 evocatos,
386 1062 417 1085 qui
434 1065 518 1085 receptor
535 1061 607 1078 durabit
626 1068 684 1085 usque
701 1062 723 1079 ad
740 1061 789 1078 aliud
808 1061 874 1078 festum
891 1061 938 1079 beati
957 1062 1039 1085 Dionysii
1055 1062 1098 1079 inde

179 1096 252 1118 proxime
264 1102 341 1119 sequens
354 1101 401 1112 anno
416 1095 508 1116 revolut03
519 1095 550 1118 qui
561 1098 645 1118 receptor
658 1101 690 1118 per
700 1095 730 1118 viij
742 1095 781 1112 dies
792 1098 886 1118 postquam
898 1099 968 1119 tempus
981 1096 1039 1119 ipsius
1049 1095 1098 1118 expi-

179 1129 243 1151 raverit,
257 1129 278 1146 de
291 1129 368 1153 receptis
383 1135 415 1152 per
430 1135 479 1150 eum,
493 1132 512 1145 ut
525 1129 623 1152 prefertur,
638 1128 706 1146 bonum
719 1132 737 1145 et
750 1128 804 1146 fidele
817 1129 882 1146 reddet
893 1132 996 1152 computum
1007 1129 1098 1152 magistris

179 1163 221 1180 dicte
233 1163 308 1180 diocesis
322 1166 339 1180 et
353 1162 452 1180 satisfaciet
467 1162 490 1179 de
507 1162 591 1186 receptis,
609 1163 661 1184 ltcm,
678 1162 774 1180 statuimus
790 1162 839 1186 quod
854 1163 875 1180 ad
890 1162 1040 1186 supplicationem
1056 1162 1098 1180 dicti

179 1197 269 1220 recepturis
281 1197 328 1214 dicte
342 1196 427 1217 diocesis,
442 1196 471 1213 vel
486 1196 615 1219 magistrorum
629 1196 712 1219 ejusdem
726 1200 833 1219 procurator
846 1196 924 1213 nationis
939 1200 1007 1218 nostre,
1022 1197 1053 1220 qui
1066 1202 1099 1219 pro

179 1233 251 1253 tempore
265 1230 324 1252 suerit,
338 1229 416 1247 rebelles
430 1233 448 1247 et
457 1230 530 1247 solvere
545 1236 581 1247 non
595 1230 678 1248 volentes
693 1230 749 1247 dictas
762 1230 827 1247 bursas
840 1230 943 1253 compellet,
957 1233 975 1247 et
989 1230 1099 1253 compellere

179 1263 261 1280 tenebitur
270 1263 291 1280 ad
303 1263 410 1280 solvendum
422 1263 496 1281 easdem
507 1264 542 1281 viis
554 1267 572 1281 et
584 1264 643 1281 modis
656 1264 749 1286 omnibus,
760 1264 827 1288 quibus
838 1263 903 1281 melius
915 1263 981 1287 poterit
991 1267 1009 1280 et
1018 1263 1098 1281 debebit.

179 1297 198 1313 Et
210 1297 224 1314 si
238 1297 278 1314 dicti
292 1297 371 1315 scolares
385 1297 435 1320 ipsas
449 1298 515 1315 bursas
530 1298 603 1315 solvere
618 1298 717 1320 noluerint,
734 1302 752 1316 et
767 1298 846 1316 rebelles
860 1298 958 1319 extiterint,
973 1302 1035 1315 contra
1049 1298 1100 1321 ipsos

179 1330 268 1353 procedere
278 1330 367 1348 tenebitur
378 1334 460 1354 tauquam
472 1332 556 1355 perjuros
567 1336 585 1349 et
594 1332 677 1350 infames.

232 1360 247 1369 ιε
255 1359 301 1372 chart.
312 1359 350 1372 vniv.
359 1360 407 1373 Paris.
415 1361 432 1376 11,
442 1360 453 1373 1.
1025 1362 1039 1374 44
