1273 1538
175 61 208 79 612
464 67 622 80 cuni-uminum
640 67 734 80 umvnns,
753 67 817 79 nnis.
1048 60 1091 80 [1347

219 103 247 120 30.
260 103 313 125 Quod
326 104 386 121 divina
399 104 478 121 essentia
492 108 552 127 potest
564 110 604 121 esse
617 110 639 121 ex
652 110 672 121 se
685 104 724 121 sola
735 104 816 121 formalis
829 103 920 121 beatitudo
931 104 994 121 mentis
1006 106 1067 125 create,
1075 104 1092 120 id

176 139 210 157 est,
220 136 268 154 visio
278 140 296 154 et
304 137 366 154 fruitio
377 138 424 160 ejus,
432 137 455 154 ita
465 138 514 160 quod
524 144 561 154 non
571 137 670 160 requiritur
680 137 748 159 aliquid
759 137 793 153 nisi
805 137 888 153 divinitas
898 140 916 153 et
925 137 962 159 ipsa
972 136 1053 157 essentia=
1061 142 1092 159 que

176 172 205 186 est
214 175 266 187 inens
276 173 341 191 creata,
352 173 370 187 ut
380 170 419 192 ipsa
430 175 481 186 inens
491 170 515 187 sit
524 170 581 187 beata,
682 187 684 189 ,

220 203 248 219 31.
261 202 314 224 Quod
328 206 425 225 ponentes,
439 206 460 219 ut
473 203 593 219 communiter
609 206 686 223 tenetur,
702 202 751 225 quod
766 202 872 223 intellectio,
886 202 958 222 volicio,
972 202 1047 218 sensatio
1061 202 1093 218 sint

177 235 272 259 qualitates
287 235 387 258 subjective
400 235 499 252 existentes
514 235 532 252 in
546 235 611 255 anima,
621 241 665 258 quas
676 235 725 252 Deus
738 238 799 258 potest
811 241 871 252 creare
884 241 903 252 se
916 234 955 252 solo
965 238 982 251 et
991 240 1055 257 ponere
1064 235 1092 252 nbi

177 269 221 289 vult,
232 268 298 285 habent
311 274 380 291 ponere
393 274 425 285 seu
440 269 548 289 concedere,
558 268 607 291 quod
621 269 670 285 Deus
683 274 703 285 se
716 268 756 285 solo
768 271 828 291 potest
840 269 905 289 facere„
916 268 963 291 quod
976 268 1030 285 anima
1039 268 1092 285 odiret

176 302 277 324 proximum
288 304 306 318 et
316 302 372 318 Deum
377 302 390 310 ¹²
401 307 437 318 non
447 301 563 318 demeritorie
571 301 610 323 (28).

220 335 248 351 32.
261 333 314 355 Quod
328 334 377 351 Deus
390 337 451 356 potest
463 340 505 351 esse
519 339 572 351 causa
585 333 695 350 antecedens
708 339 785 351 causans
798 334 860 351 odium
870 334 888 350 in
900 337 959 351 mente
971 337 1032 350 creata.
1045 334 1092 355 Quod

177 372 228 384 mens
236 366 289 383 etiam
297 366 387 383 habituata
396 366 444 383 dono
454 367 512 390 gratie
520 372 556 383 non
564 369 624 389 potest
632 372 654 383 ex
661 372 681 383 se
688 366 739 383 odire
748 367 813 388 Deum,
821 370 839 384 et
847 367 872 384 sic
883 370 910 384 est
917 367 940 383 de
947 366 1008 383 sacto²³
1016 366 1091 383 voluntas

176 399 208 416 Dei
219 399 320 416 necessitas
330 399 440 416 antecedens
450 405 504 416 omne
514 402 613 422 peceatum⁴

220 433 247 449 33.
261 432 314 453 Quod
324 432 373 449 Deus
383 435 411 449 est
420 438 474 449 causa
483 432 586 455 aliqualiter
596 435 646 449 actus
656 432 768 449 demeritorii
778 435 798 449 ut
808 432 935 449 demeritorius
945 434 972 449 est
979 432 1032 454 (29)st

220 465 248 482 34.
261 465 286 482 Et
298 465 347 488 quod
360 465 409 482 Deus
422 468 450 482 est
461 471 515 482 causa
527 465 595 488 peccati
606 468 626 481 ut
635 468 728 487 peccatum
741 468 775 486 est,
786 471 819 482 seu
829 465 870 482 mali
882 465 935 488 culpe
946 468 966 481 ut
975 465 1036 481 malum
1046 465 1093 488 culpe

176 498 217 520 (30),
228 501 245 515 et
255 501 317 515 auctor
327 498 394 521 peccati
405 501 425 515 ut
435 502 527 521 peccatum
538 501 566 515 est
572 498 629 520 (33)²¹.

221 531 249 548 35,
262 531 315 552 Quod
328 531 411 548 voluntas
425 534 483 548 creata
497 531 646 555 qualitercunque
656 534 718 548 causat
727 531 796 554 aliquid
806 537 838 548 seu
849 531 950 554 aliqualiter
959 531 1001 553 agit,
1011 531 1053 548 illud
1062 531 1095 554 agit

178 569 211 581 seu
221 564 281 580 taliter
291 564 328 586 agit
337 564 403 580 virtute
414 564 471 586 prime
482 570 536 581 cause
544 564 576 586 (31)
581 564 594 572 ”
605 564 695 580 moventis
705 567 723 580 et
732 564 759 580 sic
769 564 866 581 causantis.

222 597 250 613 36.
263 596 316 618 Quod
327 597 376 613 Deus
386 600 414 613 est
426 602 479 614 causa
492 596 590 619 cujuslibet
600 596 665 613 modi¹⁴¹
676 600 727 613 actus
736 600 754 613 et
765 597 864 619 cujuslibet
875 597 1007 614 circumstantie
1017 596 1095 619 producte

179 630 212 651 (34)
222 629 251 646 vel
261 630 345 652 adjuncte
356 630 374 646 in
384 632 431 650 actu,
442 635 479 652 quo
489 629 531 652 quis
540 632 608 652 peccat.

223 662 250 679 37Δ
261 662 314 684 Quod
325 668 333 679 a
345 663 382 679 Deo
393 665 421 679 est
430 665 450 679 ut
459 665 510 679 actus
519 662 648 679 demeritorius
658 662 682 679 sit
692 662 798 684 inquantum
809 662 936 679 demeritorius
946 663 984 684 (35)Δ

223 695 251 712 38.
264 695 317 717 Quod
332 695 382 712 Deus
396 698 424 712 est
439 695 513 712 maxima
528 701 582 712 causa
595 698 613 712 et
625 695 728 712 immediata
743 695 850 718 privationis
861 695 932 718 justitie
945 695 963 712 in
976 698 1014 712 actu
1025 696 1058 718 (32)
1068 701 1096 712 seu

180 728 302 745 difformitatis
312 728 330 745 in
340 731 387 745 actu.

224 761 251 779 39.
265 761 318 783 Quod
328 761 379 779 nullo
390 761 443 778 modo
452 767 504 779 mens
513 765 572 779 creata
580 761 632 778 aliter
642 761 728 785 dirigitur
735 767 745 778 a
753 762 790 779 Deo
799 767 832 779 seu
842 759 894 779 aliter
904 761 990 779 animatur
999 761 1020 778 ad
1029 767 1098 784 operan-

180 794 223 811 dum
234 800 265 811 seu
277 794 375 811 volendum
383 795 440 817 juste,
450 800 503 817 quam
511 795 533 811 ad
543 794 642 812 volendum
652 795 681 811 vel
691 794 803 817 operandum
814 800 850 811 non
858 795 914 817 juste,
925 795 960 811 imo
971 794 1020 811 etiam
1031 795 1097 817 injuste.

224 827 252 845 40.
265 827 318 849 Quod
328 830 407 844 creatum
418 827 512 844 arbitrium
523 831 604 844 nostrum
615 827 699 844 habendo
710 827 778 844 donum
788 827 817 844 vel
827 827 913 844 auxilium
923 827 974 844 aliter
983 833 1032 850 quam
1041 827 1099 844 habeat

180 863 200 877 ut
211 860 289 877 sufficiat
301 860 323 877 ad
336 860 447 883 peccandum
460 861 504 882 (sic),
516 863 576 883 potest
587 864 607 877 ut
620 860 646 877 sic
657 860 735 883 diligere
746 861 803 877 Deum
814 860 870 883 gratis
881 866 936 882 super
947 860 1005 877 omnia
1014 866 1044 877 seu
1056 863 1098 877 recte

180 893 257 915 implere
267 893 377 910 voluntatem
388 893 421 910 Dei
431 896 449 910 et
459 894 499 916 ejus
509 896 600 916 precepta.

224 926 252 942 41,
265 926 318 948 Quod
330 926 354 943 ita
365 926 435 943 infinite
449 929 467 942 et
480 926 584 943 eternaliter
595 926 653 948 placet
663 932 683 942 ac
695 926 749 943 etiarn
759 926 836 943 cuilibet
846 926 915 943 infinite
929 926 1006 949 perfecte
1019 926 1099 948 dyabolus

181 962 209 975 est
221 959 299 975 dilectus
316 959 386 976 ratione
403 959 501 976 voluntatis
513 960 553 981 ejus
568 962 625 980 actus,
642 959 673 981 qui
689 962 717 975 est
734 959 794 975 odium
809 959 848 977 Dei.
862 959 909 976 sicut
921 959 990 976 infinite
1005 959 1100 975 eternaliter

181 991 240 1014 placet
252 992 290 1008 Deo
301 995 319 1009 et
329 992 383 1009 etiam
395 992 465 1009 infinite
478 992 558 1014 perfecte
571 991 649 1008 dilectus
662 992 768 1014 unigenitus
781 992 836 1009 Deus,

225 1025 252 1041 42.
265 1025 319 1046 Quod
329 1025 376 1041 sicut
387 1025 492 1047 unigenitus
503 1025 552 1041 Deus
562 1024 631 1041 infinita
641 1028 659 1041 et
668 1028 730 1041 eterna
740 1025 858 1047 generatione
869 1025 890 1041 ad
901 1025 946 1042 intra
955 1031 986 1042 seu
995 1025 1099 1046 immanente,

181 1063 216 1080 que
236 1060 264 1074 est
278 1057 348 1074 infinite
361 1057 433 1079 dilecta,
447 1058 532 1080 producit
546 1057 646 1080 quodlibet,
660 1057 687 1074 sic
703 1058 773 1074 infinita
789 1061 807 1074 et
824 1061 885 1074 eterna
900 1058 1014 1081 generatione
1025 1058 1046 1074 ad
1057 1061 1100 1074 extra

181 1096 213 1107 seu
226 1093 339 1111 transeunte,
352 1096 387 1113 que
399 1094 427 1107 est
440 1090 510 1107 infinite
522 1090 594 1111 dilecta,
607 1090 627 1107 fit
639 1090 657 1107 in
671 1090 754 1113 subjecto
767 1090 806 1107 sive
819 1094 908 1107 causatur.

225 1123 253 1140 43.
266 1123 319 1145 Quod
334 1129 370 1139 non
385 1126 414 1140 est
428 1123 504 1140 evidens
519 1123 609 1140 evidentia
625 1123 698 1140 reducta
713 1123 734 1140 ad
750 1123 877 1140 certitudinem
893 1124 946 1146 primi
961 1123 1047 1146 principii=
1062 1124 1101 1146 quin

180 1156 276 1179 quodlibet
289 1156 339 1178 quod
354 1159 382 1172 est.
396 1159 460 1178 posset.
472 1156 548 1178 produci
563 1156 643 1172 nobilius
656 1157 695 1178 (27)⁴

224 1189 251 1205 44.
264 1189 317 1211 Quod
328 1189 417 1205 suscitare
427 1192 457 1205 aut
466 1189 558 1206 vivificare
568 1192 650 1205 mortuos
662 1194 694 1205 seu
705 1189 757 1205 etiam
768 1189 930 1206 transubstantiare
940 1195 1002 1211 panem
1012 1189 1030 1205 in
1040 1189 1101 1206 Christi

179 1227 251 1239 carnem
262 1225 280 1238 et
291 1225 350 1238 cetera
363 1221 429 1238 similia
442 1221 503 1238 divina
515 1227 570 1244 opera
582 1221 618 1238 sint
631 1221 686 1238 rebus
698 1222 764 1238 creatis
777 1222 870 1243 naturalia¹
884 1227 920 1238 non
932 1222 992 1244 potius
1001 1226 1100 1245 supernatu-

180 1254 222 1271 ralia
235 1258 253 1271 et
266 1253 356 1271 mirabilia
368 1259 423 1276 opera
435 1254 526 1271 altissimi.

223 1288 251 1304 45.
264 1287 318 1309 Quod
332 1292 440 1310 quacunque
455 1291 536 1304 creatura
551 1287 681 1308 demonstrata,
694 1287 727 1304 hec
739 1288 853 1310 [propositio]
868 1291 896 1305 est
910 1294 951 1306 vera
964 1294 967 1305 ι
978 1288 1010 1305 hec
1025 1288 1100 1312 chymera

180 1320 298 1343 intelligitur,
313 1320 343 1337 vel
357 1319 390 1336 hec
404 1320 488 1343 chymera
503 1323 564 1343 potest
576 1320 654 1343 intelligi
667 1320 724 1343 (36)²·.
