1273 1538
181 44 224 63 1331]
371 51 395 63 ΑΒ
411 51 464 62 ΛΜΗ]
482 50 598 62 ncczxxxvi
616 50 682 65 vsqve
700 51 723 62 ΑΒ
740 51 810 62 auxum
827 51 897 63 nccct..
1068 44 1101 61 355

180 88 223 105 tione
237 90 296 110 quarta
311 87 386 109 decima,
401 87 517 110 pontificatus
530 87 640 104 sanctissimi
654 87 673 104 in
686 87 759 104 Christo
773 87 830 110 patris
843 93 863 104 nc
877 87 945 104 domini
960 87 1017 104 nostri
1031 86 1100 103 domini

178 120 259 139 johannis
268 120 327 137 divina
337 120 449 144 providentia
460 126 506 143 pape
515 121 566 137 XXII
577 126 624 137 auno
635 120 699 143 quinto
710 120 787 142 decimo,
799 121 817 137 in
828 124 909 137 nostrum
920 120 1029 137 notariorum
1041 119 1100 142 publi-

179 160 234 172 corum
250 154 356 176 testiumque
372 154 529 176 infrascriptorum
543 154 566 171 ad
581 153 614 171 hec
630 157 734 171 vocatorum
749 157 766 171 et
779 157 884 177 rogatorum
898 153 998 176 presencia,
1013 159 1032 170 ac
1046 159 1100 170 vene-

180 187 256 204 rabilium
270 190 287 203 et
300 187 419 204 discretorum
434 187 515 204 virorum
530 186 657 210 magistrorum
674 187 769 210 Reginaldi
782 187 805 204 de
820 187 936 208 Cornemare,
950 186 1010 203 locum
1021 186 1100 203 tenentis

179 220 235 238 det-ani
247 220 335 237 facultatis
347 220 442 241 medicine,
455 220 543 237 Johannis
556 220 607 243 Pipe,
620 220 669 237 Petri
684 220 706 237 de
718 220 810 242 Alvernia,
823 220 910 238 ,Iohannis
923 221 945 238 de
959 220 1002 243 Dya,
1014 219 1099 243 Stephani

179 255 198 272 tle
210 253 328 275 Calmmonte,
339 253 425 277 Stephani
435 253 457 271 de
467 254 559 277 Nogento,
570 253 660 277 Radulphi
673 253 761 275 Pinchon,
774 253 861 271 Johannis
875 254 897 272 de
909 254 981 277 Coussy
993 257 1011 271 et
1021 253 1099 271 Sellonis

179 289 199 305 dc
212 288 265 305 Puteo
279 293 298 304 ac
312 287 391 311 plurium
406 287 482 304 aliorum
498 287 625 311 mag-istrorum
642 287 660 304 in
675 287 721 304 dicta
736 287 819 305 facultate
833 292 867 305 tam
881 288 980 311 regentium
994 294 1048 311 quam
1062 293 1098 304 nou

180 321 274 344 regentium
289 321 310 338 ad
327 320 360 338 hec
375 321 489 344 infrascripta
506 324 524 338 et
538 321 571 338 alia
588 324 748 344 congregatorum,
767 324 784 338 et
801 322 961 345 congregationem
978 321 1025 339 dicte
1043 321 1098 338 lacul-

177 355 215 372 {atis
224 354 310 372 medicine
318 354 423 375 tenentium,
433 354 527 377 ipsamque
536 354 636 371 facultatem
645 354 748 371 facientium
757 360 789 371 seu
800 355 969 377 representantiunu
979 358 998 372 ut
1008 354 1098 375 dicebant,

178 391 245 411 propter
254 387 286 405 lieo
296 387 416 411 personaliter
426 387 537 405 constitutus
547 388 637 405 discretus
647 387 675 404 vir
684 387 771 411 magister
780 387 869 405 Alsonsus
879 388 900 405 de
911 388 1020 411 Portugalia,
1034 388 1098 405 bacha-

178 422 227 438 larius
237 421 253 438 in
265 421 358 442 medicina,
369 427 378 438 a
388 427 424 444 quo
434 421 482 438 inter
492 421 525 438 alia
536 427 568 444 per
578 421 685 444 magistrum
695 420 795 438 Johannem
805 421 849 444 Pipe
859 421 960 444 predictum
970 427 1003 438 suo
1013 425 1031 439 et
1042 422 1098 439 facul-

178 455 214 472 tatis
226 455 296 472 nomine
309 454 383 477 petitum
397 454 461 476 extitit,
475 458 535 472 utrum
549 455 589 478 ipse
602 454 690 478 magister
702 454 790 472 Alfonsus
804 455 896 478 juraverat
913 460 985 472 servare
999 454 1097 475 libertates,

177 488 311 505 consuetudines
321 491 338 505 et
347 491 412 505 statuta
423 488 512 506 facultatis
523 488 612 505 medicine
623 488 733 511 supradicte.
743 488 772 505 Ad
784 494 819 511 que
831 488 927 511 respondit
940 488 999 505 dictus
1012 488 1099 511 magister

177 522 256 539 Alfonsus
267 521 313 544 quod
323 522 362 544 ipse
370 522 462 544 juraverat
471 522 558 539 articulos
568 527 614 544 quos
624 525 760 539 consueverunt
765 522 827 545 jurare
834 521 864 539 alii
874 521 970 539 bachalarii
980 521 1003 538 ad
1012 521 1097 539 lecturam

178 560 255 572 cursuum
266 555 339 572 admissi
348 555 368 572 in
377 555 461 572 facultate
471 555 562 572 medicine
572 555 681 577 supradicta*
692 555 762 572 Deinde
772 558 882 578 protestatus
895 555 928 572 fuit
941 554 1000 572 dictus
1012 555 1099 578 magister

178 588 257 605 Alfousus
266 588 314 611 quod
324 588 339 605 si
349 594 370 605 ex
379 588 450 606 lubrico
461 588 524 612 lingue
534 588 562 606 vel
573 594 595 605 ex
604 588 738 606 inadvertancia
748 592 778 606 aut
788 594 825 606 non
839 588 938 606 deliberate
953 588 1068 611 responderit
1077 588 1097 605 ad

178 621 267 645 petitiones
279 621 389 643 eorumdem¹
403 622 452 645 quod
464 627 497 645 pro
510 628 547 639 non
559 627 649 645 responso
660 621 754 643 habeatur,
768 622 816 639 dicto
829 622 915 645 magistro
926 621 1026 645 Reginaldo
1037 628 1070 639 suo
1081 625 1099 639 et

178 655 259 672 facultatis
273 655 361 672 medicine
376 655 449 672 nomine
465 656 484 672 in
500 655 609 673 contrarium
625 659 742 678 protestante.
762 656 807 673 item
822 656 922 679 requisitus
940 655 999 672 dictus
1012 655 1099 679 magister

178 688 258 706 All'onsus
268 692 325 705 utrum
338 692 376 706 erat
388 692 503 712 presentatus
513 689 620 706 cancellario
630 689 729 706 Parisiensi
743 695 775 712 pro
787 689 861 706 licentia
872 689 970 706 obtinenda
983 689 1001 706 in
1014 689 1097 706 facultate

178 722 259 739 medicine
273 728 277 739 ι
291 722 385 745 respondit
401 723 449 745 quod
467 723 506 746 ipse
523 726 559 740 erat
575 726 690 746 presentatus
707 722 815 740 cancellario
829 723 927 740 Parisiensi
944 728 977 746 pro
993 722 1065 740 licentia
1079 722 1096 739 in

177 755 252 773 facultate
261 755 349 773 medicine
359 755 458 773 obtinenda
467 756 490 773 ab
500 756 563 773 eodem
574 756 596 773 ad
607 759 709 779 requestam
720 756 789 774 domini
800 756 849 780 regis
859 756 978 780 Portugalie¹,
992 756 1023 779 qui
1038 756 1097 773 dictus

177 796 204 806 rex
213 795 242 812 pro
253 789 299 806 dicto
309 790 394 813 magistro
404 790 500 813 Alphonso
510 790 600 807 licentiam
613 790 689 813 petierat
699 790 734 807 sibi
747 790 785 807 dari
799 790 817 807 in
830 790 876 807 dicta
888 790 972 807 facultate
985 790 1074 807 medicine
1088 789 1109 812 al

177 823 275 840 cancellario
285 823 382 840 Parisiensi
392 826 497 840 memorato.
508 823 576 840 Dicens
590 823 643 840 etiam
654 823 713 840 dictus
724 823 810 846 magister
820 823 926 847 Alphonsus
936 823 984 846 quod
994 823 1023 840 die
1034 823 1097 840 imme-
1109 827 1110 830 ¹

177 856 218 873 diate
227 856 308 879 preterita
318 856 337 873 in
347 856 393 873 dicta
406 857 549 879 congregatione
559 856 648 873 facultatis
660 856 700 879 ipse
711 856 758 873 dicte
771 856 850 874 facultati
863 857 952 874 medicine
965 856 1097 880 supplicaverat
1107 861 1110 884 j

177 890 220 913 quod
233 890 278 907 dicta
292 890 365 907 facultas
378 890 445 907 faceret
462 890 498 907 sihi
514 890 589 913 gratiam
605 896 660 913 super
677 890 749 907 licentia
767 889 848 907 habenda
867 890 885 907 in
905 890 988 907 facultate
1007 886 1109 907 medicine?

177 926 271 944 memorata,
279 927 296 940 et
304 923 352 946 quod
362 929 409 940 unus
420 923 506 947 magister
516 923 563 941 dicte
573 923 663 940 facultatis
674 923 739 940 dictam
748 923 906 947 supplicationem,
915 929 950 947 que
961 923 1042 946 graciosa
1052 927 1097 944 erat,
1107 916 1111 947 l

177 957 271 974 intervenit.
285 958 305 974 Et
315 963 354 974 cum
367 956 401 974 hoc
412 956 484 974 dicebat
498 957 547 980 quod
557 956 648 974 obtulerat
657 962 717 974 coram
731 957 770 980 ipsa
785 956 868 974 facultate
883 963 904 974 ea
917 957 975 974 facere
991 962 1025 980 que
1039 957 1097 974 facere
1109 948 1113 962 ι

177 990 275 1008 tenebantur
283 990 379 1008 bachalarii
390 990 408 1007 in
418 990 502 1008 facultate
512 990 602 1007 medicine
612 990 719 1007 licentiandi
729 996 772 1013 erga
782 990 883 1007 facultatem
895 990 1000 1014 predictam,
1012 994 1029 1007 et
1040 990 1097 1007 adhuc

176 1024 254 1041 otl'erebat
264 1030 283 1041 ea
292 1030 312 1041 se
322 1024 408 1041 facturum
420 1030 480 1041 coram
490 1024 573 1041 facultate
584 1023 671 1047 predicta.
682 1024 753 1046 Quibus
764 1023 829 1041 oblatis
842 1024 902 1041 dictus
912 1024 999 1047 magister
1010 1024 1097 1041 Alfonsus

176 1058 214 1075 dixit
223 1058 268 1075 dicte
279 1057 356 1075 facultati
371 1057 426 1081 quod,
437 1057 479 1080 quia
490 1057 549 1075 dictus
559 1057 645 1074 dominus
659 1063 690 1074 rex
703 1057 806 1081 Portugalie
821 1063 853 1080 pro
868 1057 908 1081 ipso
924 1061 1018 1081 rogaverat
1031 1057 1094 1074 dictam

175 1091 266 1109 facultatem
277 1091 319 1108 dare
329 1091 417 1108 licentiam
429 1091 447 1108 iu
458 1091 505 1108 dicta
515 1091 598 1108 facultate
614 1091 711 1112 medicine,
721 1091 743 1108 ad
756 1097 821 1114 preces
835 1091 878 1108 dicti
891 1091 960 1109 domini
973 1092 1022 1114 regis
1032 1091 1095 1108 Portu-

175 1125 216 1148 galie
228 1125 265 1148 ipse
276 1124 353 1142 libenter
364 1124 453 1147 acciperet
467 1128 486 1142 et
500 1125 589 1148 reciperet
602 1124 694 1142 licentiam
707 1124 726 1141 in
739 1124 785 1142 dicta
798 1124 881 1142 facultate
894 1128 1015 1142 memoratam.
1028 1124 1094 1142 Dicens

175 1159 221 1176 ctiam
231 1159 314 1181 magister
323 1159 410 1176 Alfonsus
420 1159 469 1182 quod
479 1159 501 1176 ad
512 1159 579 1176 dictum
590 1158 717 1176 cancellarium
733 1159 854 1176 Parisiensem
866 1159 924 1176 fuerat
936 1162 1050 1182 presentatus
1062 1165 1094 1182 per

175 1192 271 1215 magistrum
285 1193 355 1209 Petrum
366 1192 387 1209 de
398 1192 461 1216 Capite
475 1192 559 1214 Stanno',
574 1192 681 1215 magistrum
690 1192 709 1209 in
722 1192 817 1214 medicina,
833 1198 865 1216 pro
879 1192 951 1210 licentia
964 1192 1061 1209 obtinenda
1076 1192 1093 1209 in

174 1225 229 1242 cadem
239 1225 319 1243 facultate
329 1225 351 1243 ad
361 1231 424 1249 preces
435 1226 504 1243 domini
514 1226 564 1249 regis
574 1226 678 1249 Portugalie
689 1226 787 1243 memorati.

213 1258 279 1280 Quibus
288 1259 353 1277 auditis
364 1259 516 1283 responsionibus
527 1263 544 1277 et
554 1259 703 1277 confessionibus
716 1266 748 1283 per
760 1260 827 1277 (lictum
841 1260 945 1283 magistrum
959 1259 1054 1277 Alfonsum
1067 1261 1093 1278 sic

172 1292 224 1312 factis,
234 1292 291 1310 <lictus
301 1293 386 1316 magister
396 1294 460 1311 Petrus
471 1294 493 1311 de
502 1294 589 1311 Alvernia
599 1297 642 1311 tune
652 1294 697 1311 dixit
707 1300 740 1311 suo
751 1297 769 1311 et
778 1294 825 1312 dicte
838 1294 927 1311 facultatis
940 1299 973 1311 sue
983 1294 1062 1315 nomine,
1074 1299 1092 1312 ut

174 1325 243 1346 dictabat,
257 1326 305 1348 quod
318 1326 359 1349 quia
372 1327 466 1345 constabat
481 1327 529 1345 dicte
542 1327 621 1345 facultati
635 1327 729 1345 medicine*
739 1328 805 1346 auditis
821 1327 973 1351 responsionibus
989 1331 1007 1345 et
1021 1329 1092 1347 confes-
