1273 1538
169 62 203 79 ⁴90
459 67 618 79 cunrvmmun
635 66 730 79 unwan.
748 67 812 78 nnus.
1047 61 1093 79 [¹339

215 104 259 119 Item
271 103 307 120 duo
317 103 424 120 candelabra
434 106 519 126 argentea
530 109 570 120 cum
581 103 697 125 repositorio.

215 136 259 152 Item
270 135 370 152 turibulum
380 138 486 158 argenteum
497 141 536 152 cuin
548 135 663 157 repositorio⁴

216 168 259 184 Item
270 168 316 184 calix
325 174 365 184 eum
376 168 453 190 platena,
463 167 552 190 argentei,
562 173 603 184 curn
613 167 729 190 repositorio,
740 170 757 184 et
767 170 795 184 est
805 167 908 184 deauratus.

215 201 260 216 Item
271 200 306 216 due
316 200 380 216 hurete
390 202 475 222 argentee
487 205 519 221 pro
528 205 574 221 aqua
584 202 602 216 et
611 199 653 216 vino
664 205 705 216 cum
715 199 831 221 repositorio.

215 233 259 248 Item
271 235 308 248 tres
317 231 377 248 hacun
387 232 452 248 Crucis
461 231 544 253 argentei
553 237 594 248 eum
604 237 638 248 suo
648 231 764 254 repositorio.

215 265 261 281 Item
271 264 331 281 nodus
340 264 405 281 Crucis
415 267 513 286 argenteus
523 264 620 280 deauratus
630 269 671 280 cum
681 264 798 286 repositorio.

215 297 260 313 Item
271 296 364 313 brachium
374 299 481 318 argenteum
492 296 510 313 S.
521 296 623 313 Guillelmi¹
631 301 672 313 cum
683 296 765 319 reliquiis
775 300 794 313 et
803 302 843 313 eum
855 297 909 313 anulo
918 300 1004 319 argenteo
1013 296 1032 313 in
1041 297 1094 319 digito

171 331 189 345 et
198 328 265 351 lapide,
277 328 309 345 sed
320 328 338 345 in
348 328 422 345 brachio
433 329 481 345 inter
490 331 549 345 cetera
560 328 621 345 deficit
630 334 678 345 unus
688 328 741 351 lapis,
751 329 784 345 sed
795 329 842 345 bene
852 329 906 345 habet
916 329 1047 351 repositorium.

215 361 261 377 Item
275 360 325 377 Crux
339 361 396 383 major
408 366 449 377 curn
464 361 550 378 crucifixo
564 364 649 383 argentea
662 361 753 378 deaurata.
769 362 791 378 Et
805 361 867 378 deficit
880 367 927 378 unus
941 361 986 383 lapis
1000 361 1033 378 sub
1047 361 1095 378 titulo

172 392 253 409 crucifixi
263 398 272 409 a
286 393 348 410 dextra
362 396 411 415 parte
426 399 481 415 supra
496 396 549 415 caput
563 393 609 415 ejus.
625 393 660 410 Sed
675 396 734 409 tamen
749 393 796 409 bene
811 393 865 410 habet
877 393 1003 415 repositorium
1018 396 1035 410 et
1046 393 1095 411 hahet

172 425 239 442 multos
249 425 326 448 Iapides.

218 458 262 474 Item
273 457 306 474 alia
316 458 366 475 Crux
375 464 429 480 parva
439 464 479 474 cum
491 458 578 474 crucifixo
588 461 674 480 argentea
684 460 702 474 et
711 463 751 474 cum
763 458 809 480 pede
820 463 853 474 suo
863 460 950 480 argenteo
964 460 982 474 et
995 463 1034 474 eum
1048 463 1096 480 repo-

173 490 244 507 sitorio.

218 523 263 539 Item
273 522 403 539 osculatos-ium
413 522 462 545 pacis
472 528 512 539 cum
522 522 591 539 smaltis
601 525 619 539 et
628 528 668 539 cum
679 528 712 539 suo
723 522 839 544 repositorio*

218 556 262 571 Item
273 554 307 571 alia
317 555 377 575 [Crux]
387 560 428 571 cum
438 555 491 571 titulo
501 558 520 571 et
529 554 615 571 crucifixo
625 558 710 577 argentea
720 558 739 571 et
748 560 789 571 cum
800 554 847 577 pede
858 560 891 571 suo
900 557 919 571 et
928 554 1041 576 repositorio.

218 588 262 604 Item
274 593 306 609 pes
317 593 382 609 magne
392 587 457 604 Crucis
467 587 565 604 deauratus
574 593 614 603 cum
625 587 736 609 imaginihus
747 587 767 603 B.
778 587 835 603 Mnrie
845 590 863 603 et
872 587 893 603 B.
907 586 994 603 Iohannis
1006 586 1096 604 deauratis.

218 620 263 636 Item
274 619 302 636 sol
312 622 330 636 et
339 619 382 635 luna
391 624 432 636 curn
443 625 507 641 magna
517 620 576 636 Cruce
586 625 643 642 prope
652 619 765 636 crucifixum.

218 653 263 668 Item
274 651 350 674 angelus
361 657 408 668 unus
418 651 441 668 de
451 655 527 674 argento
537 651 634 668 deauratus
644 657 685 668 cum
696 651 742 674 pede
752 657 786 668 suo
797 651 819 668 de
830 655 905 674 argento
916 652 999 668 deaurato
1009 657 1049 668 cnm
1058 657 1097 674 qua-

174 684 214 700 dam
224 684 284 700 tabula
294 687 380 706 argentea
390 684 481 705 deaurata,
492 684 511 700 in
522 690 556 706 qun
569 687 613 701 sunt
623 684 701 706 reliquie
711 684 733 700 de
744 690 785 701 vera
797 684 855 701 Cruce
869 690 910 701 eum
924 690 956 701 sex
966 684 1035 706 grossis
1047 684 1098 706 perlis

174 716 212 733 sive
222 716 307 739 gemmis,
320 719 390 733 etcum
404 716 473 733 duabus
489 716 557 733 catenis
572 720 590 733 et
599 716 681 733 clavibus
695 716 718 733 ad
731 716 852 733 claudendum
866 716 903 733 alas
917 716 993 739 predicti
1007 716 1069 739 angeli,
1082 719 1099 733 et

173 748 228 765 habet
238 749 368 771 repositorium
378 749 401 765 de
411 749 468 765 corio.

218 782 263 798 Item
274 781 356 804 sigillum
366 781 445 798 nationis
455 787 497 798 cum
506 781 542 798 alio
552 787 607 804 parvo
618 781 680 804 sigillo
690 787 723 798 seu
733 781 874 804 contra-sigillo,
884 785 969 804 argentea
978 781 1034 798 ambo*

219 815 264 831 Item
274 820 341 836 parvus
350 820 417 831 aureus
427 814 495 831 liliatas
505 814 587 836 undique
597 820 630 837 pro
640 814 736 831 funeribus
746 814 882 836 magistrorum.

219 847 264 864 Item
274 850 377 870 paramenta
388 852 420 869 pro
431 847 526 863 sacerdote
537 847 608 869 integra
618 850 636 863 et
645 846 700 864 bona.

219 880 264 896 Item
274 882 377 902 paramenta
388 885 420 902 pro
431 879 508 896 diacono
518 879 595 902 integra,
606 882 721 902 preterquam
732 879 794 896 deficit
804 879 913 902 manipulus.

219 912 264 928 Item
275 915 378 934 paramenta
388 911 497 929 subdiaconi
507 912 578 934 integre
589 911 642 928 bona.

219 944 265 961 ltem
275 950 308 967 pro
318 944 414 961 funeribus
425 944 529 961 scolarium.

220 977 265 993 Item
279 982 312 993 sex
326 983 383 999 cappe
393 977 415 993 ad
425 977 525 994 tenendum
539 976 614 993 chorum
629 982 670 993 cum
684 977 793 999 argenteriis
808 977 886 999 integris
900 980 941 999 post
955 977 1019 993 collum
1035 980 1052 993 et
1064 979 1102 993 ante

176 1012 246 1031 peetus.

221 1041 266 1057 Item
277 1041 313 1058 duo
324 1045 426 1064 paramenta
436 1041 498 1058 altaris
508 1041 595 1065 pulchra:
607 1048 662 1058 unum
673 1047 705 1064 pro
715 1042 807 1064 superiori
818 1045 868 1065 parte
878 1041 945 1062 altaris,
956 1042 1005 1058 aliud
1017 1048 1048 1064 pro
1060 1041 1103 1058 inse·-

176 1073 220 1090 riori
231 1076 281 1096 parte
291 1079 332 1090 eum
343 1079 377 1090 suo
386 1074 466 1095 frontali,
478 1080 519 1091 cum
528 1074 610 1091 historiis
619 1074 711 1097 passionis
720 1074 796 1095 Christi,
806 1074 859 1091 valde
869 1074 952 1097 pulchro.

221 1107 266 1122 Item
277 1106 345 1129 pissidn
356 1106 379 1122 de
389 1106 445 1123 ebore
456 1112 489 1129 pro
498 1106 571 1123 hostiis.

221 1139 267 1155 Item
277 1138 313 1155 dne
323 1139 394 1155 cortine
404 1144 451 1155 nove
461 1139 484 1155 de
495 1139 572 1155 sindone
583 1145 616 1161 pro
625 1139 714 1156 lateribus
721 1139 790 1156 altaris.

221 1172 267 1188 Item
277 1177 342 1194 magna
351 1177 415 1194 mappa
425 1171 448 1188 de
458 1171 519 1188 serico
528 1177 562 1194 pro
572 1171 623 1188 altari
633 1174 671 1188 toto
681 1171 812 1194 cooperiendo,

221 1205 267 1221 Item
276 1210 333 1221 unum
343 1204 439 1227 corporale
449 1210 490 1220 cum
500 1204 584 1227 pharetra
594 1210 627 1221 seu
637 1204 692 1221 domo
703 1210 735 1221 sua
745 1204 768 1220 de
777 1204 835 1221 eoric·v

221 1237 266 1254 Item
277 1237 411 1259 manutergium
422 1236 444 1253 de
455 1237 515 1253 serico
526 1236 614 1253 radiatum
625 1242 657 1260 pro
666 1236 734 1259 platina
741 1237 804 1253 calicis
812 1236 926 1253 ostendenda
933 1236 952 1253 in
960 1236 1022 1252 eadem
1029 1235 1107 1258 pharetra

176 1269 284 1292 repositum.

221 1302 268 1318 Item
277 1308 310 1319 sex
319 1302 396 1318 almucie
405 1302 428 1318 nd
438 1302 537 1318 tenendum
548 1302 567 1318 in
577 1302 642 1324 capite.

239 1330 261 1342 ⁶2.
