1273 1538
175 35 207 52 524
464 40 622 52 cunni-onmem
639 40 733 52 uuivrns.
751 40 816 52 mus.
1046 33 1090 52 [1342

175 76 277 100 optinendi,
287 76 435 100 procuratoribus
445 80 462 94 et
472 77 545 94 decanis
559 77 662 94 facultatum
675 80 744 94 secrete
759 77 876 98 denuncient,
892 77 907 94 si
921 77 951 99 qui
965 76 991 93 eis
1003 76 1091 93 occasione

176 110 256 133 predicta
266 110 332 127 malum
343 111 421 128 inferant
430 116 462 127 seu
472 110 554 133 quamvis
563 111 652 127 lesionem
662 110 718 127 verbo
732 114 763 127 aut
776 110 830 132 facto,
844 110 874 133 qui
888 110 960 133 quidem
974 113 1091 132 procuratores

176 147 194 160 et
210 144 274 161 decani
288 149 320 167 per
332 150 396 161 eorum
406 144 507 167 juramenta
520 144 593 160 nomina
605 144 631 160 sic
645 144 768 166 injuriantium
783 143 844 161 dicant
856 147 874 160 et
887 144 968 161 revelent
980 149 1030 166 quam
1044 143 1092 160 citius

176 177 271 194 commode
281 180 366 200 poterunt
375 177 394 194 in
401 177 543 200 congregatione
550 177 637 200 generali.

221 211 272 231 Item,
283 210 393 233 precipimus
404 210 493 227 dictorum
505 210 624 233 bejaunorum
636 210 774 233 principalibus,
785 216 856 227 necnon
869 210 980 233 aliisjuratis
995 210 1065 231 nostris,
1077 213 1093 227 et

176 249 209 267 per
224 249 286 261 eorum
297 243 399 266 juramenta
410 243 530 267 injungimus,
543 243 558 260 si
573 243 660 261 sciverint
672 243 751 267 aliquos,
765 243 796 267 qui
810 243 906 261 occasione
918 243 1003 267 predictis
1017 243 1092 266 bejaunis

177 277 271 294 intulerint
280 276 384 294 violentiam
394 276 450 294 verbo
464 277 493 294 vel
507 277 560 298 tacto,
575 277 660 294 videlicet
674 283 736 294 eorum
750 277 798 294 bona
811 277 905 300 capiendo,
920 277 1000 300 ipsorum
1013 282 1092 300 personas

177 310 286 331 invadendo,
296 310 410 327 verberando
420 313 450 327 aut
459 310 504 327 alias
514 310 571 327 minas
582 310 683 332 inserendo,
694 310 749 328 verba
759 310 877 328 diffamatoria
887 310 1000 333 proferendo,
1013 314 1043 328 aut
1052 311 1093 328 dani-

176 350 232 367 pnum
250 343 324 366 aliquod
339 344 460 367 procurando,
476 346 565 367 quatenus
579 344 613 361 hoc
629 344 711 361 revelent
726 344 813 367 predictis
830 344 976 367 procuratoribus
990 347 1007 361 et
1020 344 1092 365 decanis,

177 377 230 394 modo
241 380 259 394 et
268 377 325 394 forma
335 377 426 394 contentis
436 377 454 394 in
464 377 540 394 articulo
551 377 667 400 precedente.
679 377 788 400 Eisdemque
799 377 867 394 nostris
874 377 939 400 juratis
950 381 969 394 ut
978 383 1030 400 supra
1039 377 1093 400 injun-

175 410 243 434 gimus„
255 414 274 427 ut
283 410 298 427 si
307 411 348 433 quis
358 417 421 428 eorum
431 411 528 428 souffletus
537 414 568 428 aut
577 410 670 428 familiaris
680 411 812 434 attemptaverit
821 411 841 427 in
850 411 945 434 premissis
954 414 984 428 aut
991 410 1048 434 aliquo
1058 417 1093 434 pre-

176 444 281 464 missorum,
292 444 351 461 statim
364 450 405 461 eum
415 445 438 461 de
451 450 484 461 suo
495 444 586 467 expellant
595 444 673 461 servicio
683 444 722 461 sine
732 444 815 461 ulteriori
826 450 858 467 spe
870 444 889 461 in
903 447 994 467 posterum
1007 444 1093 461 redeundi.

175 477 282 495 Adicientes
292 484 332 495 cum
346 478 440 501 predictis,
454 478 503 501 quod
517 483 558 495 cum
572 481 700 501 procuratores
714 481 732 494 et
746 477 810 495 decani
825 477 941 495 Universitnti
956 477 1094 495 denunciaverint

176 517 208 534 per
218 511 306 534 bejaunos
319 517 383 528 eorum
394 511 503 534 principales
516 514 547 528 aut
553 512 625 534 juratos
635 511 706 534 aliquos
717 510 752 528 sibi
763 511 848 532 revelata,
858 511 874 528 si
884 511 914 534 qui
925 511 986 528 clerici
998 517 1033 528 non
1045 512 1095 534 jurati

175 548 206 562 aut
216 545 261 568 layci
271 545 340 562 inventi
347 545 416 562 fuerint
425 545 532 568 culpabiles,
538 545 561 562 ad
570 545 665 562 officialem
677 545 734 562 mittat
742 545 856 562 Universitas
867 545 967 568 deputatos=
981 545 1011 568 qui
1023 545 1094 562 eundem

176 579 276 601 requirant,
286 579 335 601 quod
346 578 391 595 tales
399 578 476 596 clericos
487 578 573 601 corrigat,
583 581 637 601 prout
647 579 707 602 exiget
717 578 794 601 qualitas
804 578 917 595 delictorum.
931 579 952 595 Et
962 584 993 602 pro
1001 578 1054 602 laycis
1063 579 1095 595 adi-

176 612 222 629 bunt
231 612 353 629 Parisiensem
363 612 476 634 prepositum
486 611 606 629 consimiliter
617 612 734 635 requirendo,
745 615 764 629 ut
774 612 819 629 tales
829 612 890 635 laycos
898 612 996 629 seeundum
1003 618 1033 629 sua
1041 612 1095 629 deme<

176 645 210 662 rita
220 645 306 668 corrigat,
316 645 447 668 protestatione
458 648 517 662 tamen
527 645 578 668 prius
586 646 637 667 sacta,
648 645 697 668 quod
707 645 729 662 ad
740 651 804 668 penam
815 645 910 668 sanguinis
920 652 957 663 non
965 645 1061 663 intendunt⁴

220 679 242 696 Et
255 684 277 696 ne
290 678 321 701 qui
331 682 414 702 pretextu
424 678 527 702 ignorantie
538 679 629 702 presentis
638 679 697 696 nostri
708 679 769 696 statuti
779 685 866 696 excusare
875 685 896 696 se
905 679 981 699 valeant.
991 679 1069 696 volumus
1081 683 1096 696 et

176 709 282 730 ordinamus
292 712 341 735 quod
350 718 398 729 anno
411 712 494 735 quolibet
503 712 525 729 ad
535 713 596 730 minus
607 712 643 734 bis,
653 712 739 730 videlicet
748 713 767 729 in
777 713 823 730 festo
832 713 917 730 Omnium
927 713 1035 734 Sanctorum,
1046 716 1062 730 ct
1070 713 1096 730 ‹iie

176 746 266 763 dominica
277 749 318 763 ante
327 746 474 769 carnisprivium,
486 746 557 770 legatur
567 746 640 770 publice
650 746 668 763 in
679 746 764 763 sermone
774 752 815 764 cum
825 746 939 763 ordinatione
949 747 982 764 ista
988 752 1022 770 que
1029 746 1095 770 incipit:

177 788 186 797 «
197 780 291 798 Provisum
303 783 330 797 est
341 787 356 797 n.
368 781 388 797 ln
398 781 451 803 cujus
461 780 488 797 rei
498 780 622 798 testimonium
632 780 713 804 sigillum
727 784 810 798 nostrum
821 780 937 804 presentibus
947 780 1010 798 litteris
1020 780 1096 798 duximus

176 814 311 837 apponendum.
321 814 386 831 Datum
394 820 441 831 anno
452 814 525 831 Domini
532 815 558 831 M⁰
564 814 616 831 CCC-³
625 814 766 837 quadragesimo
776 814 841 837 primo,
852 814 881 831 die
888 814 937 837 jovis
947 817 986 831 ante
995 815 1057 831 Ramos
1064 814 1097 837 pal-

177 854 252 865 marum.

224 897 292 914 effigia-12
304 898 317 909 in
327 898 365 910 Aah(
377 897 439 910 unsrun.
447 897 540 912 rari-quma
547 898 576 912 vn,
583 898 598 910 ι).
609 898 629 910 η.
636 898 649 910 ιι
660 898 706 910 num
716 899 751 910 ma
759 898 848 910 :ambr-nun.
857 897 975 910 —m-..uram-m.
983 901 1007 910 m.
1014 897 1053 910 aazia.
1060 898 1097 913 17³0«,

178 920 200 932 τοι
208 920 230 932 18⁰
238 920 280 936 [prinu
288 920 319 936 ωε»,
327 920 366 933 Arci..
374 920 437 932 nnfivm.
444 920 531 936 Para-„1105
538 920 559 936 91»,
565 922 580 932 no
587 920 614 936 ιω,
621 925 635 936 p.
644 920 670 932 ιω.
678 927 694 929 -
701 920 763 936 ιιι-μω,
771 920 792 935 ιν,
799 920 827 932 24³⁶⁴

225 963 237 975 1.
245 963 269 975 Μι.
277 967 280 975 2
289 967 295 975 n
303 965 317 975 ut
324 963 357 975 inihi
364 967 376 976 ι,
383 971 400 973 -
406 964 417 978 2,
425 964 440 976 V.
448 968 490 980 supra
497 963 553 975 „01032
560 970 575 972 —
583 963 594 975 8.
602 962 649 979 0rig.:
657 967 663 975 α
671 962 695 974 hoc
703 967 715 975 a.

183 1037 254 1056 1058.
266 1043 338 1056 smmum
347 1042 412 1061 Capituli
418 1042 492 1061 mmm
501 1042 590 1056 munemne.
598 1042 616 1056 ,ιι
624 1042 715 1056 soluatur-'bus
721 1042 787 1061 antiquis
794 1044 809 1057 ,ι
815 1043 854 1057 „om
861 1042 910 1056 anm-u
917 1042 1003 1057 :enotare-m
1010 1043 1054 1057 ran-⁸⁴

790 1082 828 1098 1342,
836 1082 881 1099 Apum
886 1082 906 1097 2¹.
914 1082 970 1096 θΙνιίιειῖ

225 1119 319 1136 Refl'erunt
324 1119 428 1136 visitatores
436 1119 485 1142 quod
494 1119 535 1136 novi
544 1119 624 1137 scolares
632 1120 684 1137 missi
691 1120 772 1137 Par-isius
780 1120 802 1137 ad
810 1120 882 1137 domurn
891 1120 986 1137 scolarium
994 1120 1101 1137 Cluniacens.

181 1153 203 1170 de
211 1153 291 1176 antiquis
301 1153 403 1170 scolaribus
413 1153 538 1176 multipliciter
548 1157 691 1176 conqueruntur.
702 1153 763 1170 Primo
773 1154 822 1176 quod
833 1154 903 1177 priores
913 1153 944 1176 qui
953 1153 975 1171 ab
984 1154 1055 1177 antiquo
1064 1160 1102 1171 con-

181 1190 281 1204 sueverunt
291 1190 353 1204 tenere
363 1187 444 1204 scolares
457 1187 475 1203 in
488 1186 534 1203 dieta
545 1187 606 1208 domu,
616 1187 659 1204 licet
669 1193 706 1204 non
716 1187 786 1204 mittant
797 1187 884 1209 scolares,
894 1187 1021 1204 nichilominus
1030 1188 1103 1211 compel-

180 1221 243 1238 luntur
256 1220 291 1243 ipsi
304 1220 376 1243 priores
389 1220 412 1237 ad
422 1220 531 1237 solvendum
544 1223 562 1237 et
575 1220 682 1238 mittendum
693 1221 801 1244 pensionem
815 1221 903 1244 integram
917 1220 962 1244 ipsis
975 1220 1077 1242 scolaribus,
1087 1224 1104 1238 et

180 1248 225 1271 illu'd
236 1249 285 1277 quod
296 1257 323 1271 est
333 1254 356 1271 de
366 1254 441 1271 residuo
452 1254 517 1271 nolunt
526 1255 660 1272 communicare
670 1254 758 1278 predictis
772 1255 825 1272 novis
837 1254 937 1272 scolaribus
950 1258 967 1272 et
978 1255 1051 1272 maxime
1061 1260 1104 1271 arre-

181 1288 239 1312 ragia'
251 1288 339 1306 dictarum
349 1289 465 1312 pensionum.
476 1288 524 1306 111ud
535 1289 583 1306 idem
592 1289 661 1306 faciunt
670 1290 692 1306 de
703 1288 769 1306 salario
779 1288 873 1312 cujusdam
883 1289 948 1306 domus
960 1295 992 1306 sue
1004 1292 1050 1306 extra
1059 1288 1103 1306 clau-

181 1328 241 1340 suram
251 1322 394 1340 loci.conducte.
405 1323 449 1340 Item
460 1323 535 1346 prefatis
545 1323 598 1340 novis
607 1323 710 1340 scolaribus
719 1322 836 1346 contemptis,
844 1322 879 1346 ipsi
890 1323 958 1346 antiqui
967 1322 1035 1346 eligunt
1047 1327 1104 1345 procu-
