1273 1538
174 46 208 63 444
462 50 621 63 αΒΑιιτυιΛιιιυνι
638 51 732 63 curvans.
750 51 814 63 mnis,
1053 44 1098 63 [1335

176 87 264 109 districte,
275 91 295 105 ut
308 88 423 111 premittitur„
436 87 504 104 ibidem
517 93 600 105 essemus
612 88 677 109 vocati,
689 88 785 110 positoque
801 93 834 110 per
848 88 925 105 eundem
940 88 958 105 in
975 87 1098 105 deliberatione

176 124 245 142 nostra,
255 126 278 138 an
286 120 365 144 placeret
375 120 428 137 nobis
438 124 518 137 statuere
530 126 586 143 super
597 120 679 143 regentia
693 120 820 143 magistrorum
834 124 898 137 nostre
907 121 991 141 nationis,
1002 120 1029 137 vel
1039 123 1098 137 statuta

177 159 210 171 seu
225 157 311 171 statutum
325 154 341 171 si
355 159 391 177 que
405 156 467 170 essent
481 159 536 176 super
547 154 623 170 eandem
635 153 681 170 sacta
693 153 721 170 vel
735 153 782 170 edita
797 153 898 174 destruere,
912 153 984 174 addere,
996 153 1097 174 diminuere,

177 186 284 204 confirmare
296 186 325 204 vel
337 186 438 207 moderare,
452 186 551 207 declarare,
564 186 656 207 ordinare,
669 186 699 203 vel
711 186 763 203 etiam
775 186 868 209 corrigere
879 192 911 203 seu
925 186 1007 210 ordinare
1016 192 1020 202 :
1028 192 1062 209 quo
1074 186 1098 203 sic

177 220 236 242 posito
249 219 278 236 vel
291 219 355 242 positis
365 219 383 236 in
395 218 527 236 deliberatione
542 222 610 239 nostra,
624 219 705 236 unanimi
717 225 810 236 consensu
823 219 903 236 omniurn
918 219 967 236 nullo
981 219 1050 241 penitus
1064 219 1098 235 dis-

176 255 261 275 crepante
272 258 304 269 seu
318 252 432 272 reclamante,
447 252 506 275 primo
521 258 553 275 per
565 252 612 269 viam
627 252 645 269 S.
660 251 739 275 Spiritus
752 258 816 269 omnes
830 252 848 269 in
860 258 915 269 unum
929 252 1060 269 consentientes
1072 251 1097 269 vel

176 285 308 302 concordantes
322 285 454 306 concessimuS,
468 284 560 302 voluimus
577 291 596 302 ac
609 285 662 302 etiarn
675 284 817 302 deliberavimus
830 285 848 302 in
861 284 910 302 hunc
925 285 1003 305 modum,
1019 284 1098 302 videlicet

176 317 225 340 quod
235 317 284 334 viros
294 317 408 335 venerabiles
422 320 440 334 et
453 317 543 335 discretos
555 318 660 341 magn'stros,
673 317 772 335 Johannem
783 318 851 335 Gorre‘
863 317 885 335 de
897 317 989 340 provincia
1000 317 1096 338 Parisiensi=

176 350 290 367 Lambertum
303 350 326 367 de
336 351 460 368 Summavera‘
471 350 494 368 de
506 351 599 373 provincia
612 351 722 372 Seuonensi,
733 350 842 368 Richardum
852 350 875 367 de
885 350 969 367 Billia'co‘
980 350 1001 367 de
1011 350 1097 373 provincia

177 383 269 404 Remensi,
280 383 358 400 Alanum
370 383 393 400 de
406 382 518 400 Villaeollis'
529 383 552 400 de
564 383 657 406 provincia
671 383 739 400 Turoni
750 386 768 400 et
777 383 879 400 Gerardum
892 382 1011 405 Lasboegas⁸,
1026 382 1068 400 alias
1077 383 1097 400 de

176 416 261 433 Alvernia
272 416 294 433 de
302 416 394 439 provincia
404 416 521 437 Bituricensi,
534 416 579 433 istos
590 422 654 433 omnes
666 416 800 439 deputavimus,
813 419 831 433 et
840 416 867 432 eis
878 416 962 433 omnibus
972 416 1043 432 insimul
1053 422 1097 432 corn-

176 449 259 466 misimus
277 449 309 470 (sic
323 449 372 472 quod
389 454 425 465 uno
440 449 516 466 istorum
534 449 669 466 contradicente
688 448 716 465 vel
736 448 844 465 reclamante
861 448 891 465 alii
904 454 967 466 omnes
979 449 1032 466 nichil
1043 449 1097 466 facere

177 482 254 505 possint,
270 485 287 499 et
300 482 353 499 etiam
366 482 462 504 ordinare),
478 482 542 499 damus
555 488 575 499 ac
588 482 673 499 dedimus
685 481 755 498 eisdem
768 482 860 505 magistris
873 482 958 505 superius
970 482 1067 502 nominatis,
1079 486 1097 499 ut

177 515 293 538 premittitur,
304 521 363 538 usque
377 515 399 531 ad
413 518 454 532 octo
468 515 508 532 dies
524 515 639 532 solummodo
653 515 775 538 computando
785 521 795 531 a
807 515 837 532 die
850 515 898 531 dicte
908 515 1012 536 vocationis,
1025 515 1096 538 plenam=

176 548 252 565 liberam
268 551 286 565 et
299 548 398 565 absolutam
414 551 527 571 potestatem,
541 548 672 568 auctoritatem,
687 551 705 564 et
717 547 820 564 mandatum
833 548 911 571 speciale
923 548 945 564 de
957 554 1003 565 novo
1014 548 1097 565 statuendi

177 586 232 604 super
245 581 326 603 regentia
338 580 466 603 magistrorum
481 580 529 597 dicte
545 584 608 597 nostre
621 580 706 601 nationis,
720 580 749 597 vel
763 584 829 597 statum
841 586 873 597 seu
886 584 957 601 statuta,
972 584 1001 598 aut
1014 580 1097 598 clausulas

177 613 194 630 in
206 614 274 631 eisdem
286 617 380 630 contentas
390 613 500 630 mentionem
514 612 618 636 generalem
635 613 664 630 vel
677 612 774 636 specialem
789 613 812 630 de
827 613 908 636 regentia
923 613 1001 636 predicta
1017 614 1097 631 facientes

177 646 283 664 destruendi
296 647 368 669 penitus
381 649 399 663 et
413 645 492 663 totaliter
504 646 634 667 adnichilandi,
649 646 768 669 approbandi,
782 646 909 667 confirmandi,
923 646 1033 668 moderandi,
1043 646 1097 664 decla—

177 679 234 701 randi,
245 679 357 702 corrigendi,
367 679 452 700 addendi,
463 679 583 701 diminuendi,
595 679 698 701 ordinandi,
709 679 835 702 dispensandi,
847 683 864 697 et
877 683 936 696 cetera
950 680 1008 697 onmia
1019 680 1096 701 faciendi,

177 719 212 736 que
226 716 262 730 tota
276 716 337 730 nostra
350 712 397 729 natio
412 713 485 734 faceret,
496 718 529 729 seu
540 712 558 729 in
568 712 635 729 talibus
649 716 667 729 et
681 712 773 730 similibus
787 713 846 730 facere
860 716 929 736 posset,
943 716 998 730 ratum
1008 716 1024 730 et
1033 716 1097 736 gratum

177 749 265 770 perpetuo
277 746 295 763 in
308 749 393 763 statutum
407 751 440 762 seu
454 746 473 762 in
487 745 561 763 modum
580 746 641 763 statuti
663 745 807 763 irrevocabiliter
825 746 919 767 habentes,
937 746 1054 769 quodcunque
1069 752 1098 769 per

177 780 236 797 dictos
247 780 345 803 magistros
355 779 440 802 superius
451 780 553 796 nominatos
562 783 621 796 actum
633 783 650 796 et
660 783 731 802 gestum
742 780 796 796 suerit
807 786 839 796 seu
849 780 902 797 etiam
913 780 1019 797 ordinatum.

221 812 292 835 Quibus
302 813 329 830 sic
342 813 393 830 factis
406 819 426 830 ac
439 812 552 834 deliberatis,
565 814 618 834 [cum]
629 813 692 836 prefati
703 813 785 836 magistri
795 813 817 830 ad
827 813 860 829 hec
871 813 974 836 specialiter
983 813 1059 836 deputati
1068 819 1096 836 per

177 846 277 869 predictum
289 850 423 869 procuratorem
436 849 519 863 nostrum
532 846 602 869 pluries
612 849 630 862 et
639 852 672 869 per
684 846 744 863 debita
754 845 848 863 intervalla
859 846 877 863 in
887 845 933 863 locis
945 846 999 863 certis
1008 846 1029 863 ad
1038 846 1096 869 hujus-

178 879 226 896 modi
237 879 309 902 negotia
319 879 348 896 vel
360 878 459 896 deliberata
471 879 503 896 fini
517 882 534 896 et
544 879 646 896 executioni
659 879 783 896 demandanda
793 879 822 896 vel
833 879 945 896 terminanda
954 879 1011 896 vocati
1020 879 1097 900 fuissent,

178 916 195 929 et
208 913 323 936 postmodum
337 912 411 930 insimul
424 912 531 935 congregati
544 911 598 935 longa
608 915 626 929 et
636 912 711 935 provida
725 912 772 929 inter
784 918 816 929 eos
829 912 960 929 deliberatione
972 912 1030 929 habita
1039 916 1098 929 statum

177 949 240 963 nostre
250 946 328 963 nationis
338 946 406 963 diutius
417 946 525 963 ruminando
535 949 553 963 et
563 945 662 968 quemlibet
671 946 766 963 articulum
775 945 865 963 versando
874 945 924 963 velut
933 946 951 962 in
961 949 1024 962 statera
1034 951 1098 968 queque

178 979 250 1002 singula
265 979 393 1002 ponderantes,
407 979 429 996 de
443 979 534 996 communi
548 985 640 996 consensu
654 982 671 996 et
685 979 776 996 voluntate
790 979 871 996 omnium
885 979 965 1002 quinque
979 979 1097 1002 magistrorum

178 1012 200 1029 ad
215 1012 250 1029 hoc
264 1012 367 1036 specialiter
381 1012 515 1036 deputatorum,
532 1016 549 1029 et
563 1012 668 1030 nominibus
684 1012 750 1035 quibus
766 1018 820 1036 supra
838 1012 889 1029 nullo
906 1013 978 1035 penitus
993 1012 1098 1035 discrepante

178 1045 308 1063 ordinaverunt
318 1049 335 1063 et
345 1049 447 1063 statuerunt
456 1052 477 1063 ea
487 1052 522 1069 que
533 1049 634 1069 sequuntur
645 1051 649 1062 1

222 1078 313 1096 Videlicet
326 1079 375 1101 quod
389 1079 494 1102 quicunque
509 1079 596 1102 magister
612 1082 675 1096 nostre
690 1079 769 1096 nationis
783 1079 805 1096 ad
820 1082 871 1096 actus
888 1085 992 1096 communes
1008 1079 1025 1095 in
1041 1079 1097 1096 eadem

178 1111 235 1129 libere
250 1111 353 1129 admittatur
366 1111 423 1135 prima
436 1111 465 1128 die
479 1118 514 1135 qua
525 1115 605 1129 resumet
617 1115 635 1128 et
644 1112 700 1135 leget,
711 1112 794 1134 etiam[si]
805 1112 828 1129 de
838 1115 887 1129 exn-a
897 1112 957 1129 villam
968 1112 1041 1133 venerit,
1052 1112 1099 1129 durn-

178 1145 232 1162 modo
246 1145 293 1162 idem
308 1145 394 1168 magister
404 1145 454 1167 juret
468 1145 518 1168 quod
532 1145 621 1162 lectiones
636 1151 678 1162 suas
692 1145 805 1162 continuabit
818 1151 876 1168 usque
886 1145 908 1162 ad
921 1151 1000 1162 mensem
1014 1148 1058 1168 post,
1068 1145 1099 1162 nisi

178 1178 224 1195 sorte
234 1177 316 1201 legitimo
326 1177 455 1201 impedimento
466 1178 521 1195 fuerit
531 1177 635 1201 impeditus.
648 1178 757 1201 Legitimum
768 1178 917 1201 impedimentum
929 1178 1011 1199 dicimus„
1022 1178 1100 1195 videlicet

178 1211 194 1228 si
204 1212 245 1234 quis
257 1211 340 1229 infirmus
354 1211 409 1228 fuerit
420 1216 498 1234 corpore
512 1211 541 1228 vel
556 1211 641 1228 detentus
655 1217 734 1232 carcere,
745 1211 774 1228 vel
787 1211 847 1234 ipsum
857 1215 907 1228 extra
920 1211 979 1228 villam
989 1212 1036 1228 exire
1048 1212 1100 1228 conti-

177 1245 232 1267 gerit,
240 1244 296 1271 veLin
303 1244 364 1267 aliquo
373 1244 514 1267 principiorum’
524 1243 566 1260 libri
577 1244 718 1265 Sententiarum,
727 1250 762 1267 que
772 1248 791 1261 ut
800 1244 898 1267 plurimum
908 1244 926 1261 in
937 1250 990 1267 parvo
998 1244 1099 1261 ordinario¹⁰

178 1277 238 1295 solent
253 1270 348 1299 celebrari,
363 1283 416 1294 causa
431 1276 539 1300 proficiendi
550 1280 569 1294 ut
581 1283 636 1300 supra
651 1276 785 1300 presentialiter
795 1277 873 1298 affuerit,
886 1281 903 1294 et
913 1276 947 1295 hoc
958 1281 1020 1300 quater
1029 1277 1046 1295 in
1057 1284 1100 1295 anno

178 1311 201 1328 ad
211 1311 258 1334 plus,
269 1311 298 1328 vel
308 1311 360 1327 etiam
371 1310 387 1327 si
397 1309 426 1327 bis
439 1310 457 1327 in
470 1316 533 1327 mense
546 1310 567 1327 ad
580 1310 622 1333 plus
632 1310 816 1327 determinationibus
825 1313 855 1327 aut
868 1311 962 1333 principiis
972 1311 1075 1328 solennibus
1084 1311 1100 1328 in
