1273 1538
186 59 228 78 1342]
377 65 400 76 ΑΒ
417 65 469 76 Auno
486 64 602 76 ncczxxxvi
620 64 684 78 usqua
701 65 725 76 Ar·
742 65 811 76 aunum
825 66 896 77 mecm..
1066 60 1098 77 525

184 105 246 118 ratores
256 104 273 117 et
282 104 350 123 ponunt
359 101 382 117 de
392 101 471 123 antiquis
481 104 498 117 et
509 106 544 117 non
556 100 577 117 de
588 100 640 117 novis
651 103 668 117 et
679 101 738 117 minus
747 101 835 123 ydoneos,
846 104 865 118 et
874 101 937 118 nolunt
946 101 1040 118 admittere
1048 102 1097 124 ipsos

183 134 202 151 ad
211 137 288 156 compota
297 133 389 150 reddenda
399 133 421 149 de
435 133 520 155 expensis
532 133 641 155 pensionum
653 136 671 149 et
685 133 809 155 provisionum
824 134 883 153 sactis,
900 137 918 150 et
931 134 973 150 licet
985 134 1098 156 provisiones

183 166 277 184 victualium
287 166 353 183 suerint
362 167 407 182 facte
418 165 440 182 de
451 165 541 182 communi
550 166 626 188 pecunia
636 169 654 182 et
663 165 721 182 adhue
731 165 808 183 habeant
818 166 840 183 de
851 172 886 189 quo
896 167 967 189 possint
973 166 1033 183 vivere
1041 172 1098 189 usque

183 199 201 216 mi
210 199 270 215 festum
281 198 327 215 beati
337 198 425 215 Iohannis
435 198 522 221 Baptiste,
533 198 662 215 nichilominus
674 198 707 221 ipsi
721 198 790 221 antiqui
805 199 921 221 privaverunt
933 199 984 221 ipsos
998 199 1046 216 victu
1057 205 1096 219 suo,

183 232 246 248 scilicet
255 237 305 254 pane,
315 232 357 248 vino
368 234 386 248 et
395 231 483 253 pictancia
493 231 511 247 in
522 231 602 254 ipsorum
613 232 682 254 grande
692 231 812 254 prejudicium
823 235 840 248 et
847 232 940 253 jacturam,
952 232 995 248 Item
1009 237 1045 248 non
1058 237 1098 254 per-

183 265 248 281 mittunt
257 264 303 286 quod
311 264 371 281 famuli
382 264 429 280 dicte
440 263 504 280 doinus
512 264 543 287 qui
554 264 615 281 vivunt
626 264 648 281 de
656 264 747 281 communi
756 265 837 281 serviant
845 265 891 287 ipsis
900 264 1002 282 scolaribus
1012 270 1044 281 nec
1057 270 1098 287 pre-

183 300 239 320 parent
248 296 311 314 cibaria
323 303 355 314 sua
370 297 388 313 in
403 296 480 319 coquina
493 297 591 314 communi,
605 297 661 314 Multa
676 297 709 314 alia
722 298 826 320 gravamina
842 297 951 320 pretendunt
965 297 1041 320 predicti
1055 297 1097 314 novi

183 330 254 346 scolares
263 333 323 346 contra
333 329 416 352 antiquos
426 335 461 352 que
470 330 514 346 iacta
523 333 565 346 sunt
573 333 591 346 et
598 330 617 346 in
625 330 673 347 facto
682 330 790 347 consistunt,

220 362 290 379 vocatis
299 368 335 379 uno
346 362 369 379 de
378 362 480 379 scolaribus
493 362 572 385 antiquis
582 366 600 379 et
609 363 644 379 alio
655 362 678 379 de
687 362 740 379 novis
752 368 812 379 coram
822 362 951 379 diffinitoribus
962 363 1056 385 predictis,
1069 369 1097 379 au-

183 395 220 411 ditis
230 395 320 417 utriusque
328 395 384 417 partis
394 394 495 411 rationibus
505 398 522 411 et
532 395 677 412 deffensionibus
687 395 791 412 eorumdem
803 401 822 412 ac
832 396 869 412 visa
880 395 969 412 relacione
979 395 1097 415 visitatorum,

183 427 265 444 diffiniunt
274 427 379 444 diffinitores
389 427 438 450 quod
448 427 490 444 novi
501 428 581 444 scolares
591 428 642 444 missi
652 428 718 445 virtute
728 428 882 445 Constitutionuni
894 428 962 445 domiui
972 428 1027 450 pape'
1040 431 1057 445 et
1068 428 1099 444 de-

182 463 235 477 cetero
250 460 330 477 mittendi
343 460 398 477 nichil
409 460 509 482 percipient
522 466 554 477 nec
565 460 658 477 habebunt
670 460 689 476 in
699 460 821 477 emolumento
831 460 937 483 pensionum
949 460 1062 482 antiquarum
1076 461 1098 477 de

182 493 275 509 scolaribus
287 499 319 515 per
330 493 401 515 priores
413 493 435 509 ad
447 493 526 509 studium
540 499 576 509 non
591 493 710 513 transmissis,
724 499 757 509 nec
771 493 789 509 iu
803 493 923 510 emolumento
938 493 1003 510 doinus
1018 493 1098 515 ipsorum

182 525 269 542 conductei
280 526 305 542 De
316 529 333 542 et
345 531 401 548 super
411 525 560 548 procuratoribus
570 525 654 542 decetero
665 525 787 546 assumendis,
802 529 819 542 et
829 526 851 542 de
862 526 939 548 receptis
953 529 970 542 et
981 525 1099 542 missionibus

182 564 210 581 per
218 558 266 581 ipsos
275 558 368 579 faciendis,
379 557 464 575 ordinant
473 558 581 575 diffinitores
591 558 640 580 quod
650 558 727 581 predicti
737 561 865 580 procuratores
875 558 897 575 de
908 558 998 575 communi
1008 564 1099 575 consensu

182 594 197 607 et
205 590 292 607 voluntate
302 594 337 607 tam
347 591 461 613 antiquorum
472 596 524 613 quarn
538 596 627 607 novorum
642 591 738 607 scolarium
755 591 866 613 conjunctim
881 591 971 613 eligantur
985 594 1003 607 et
1018 595 1099 614 compota

182 623 291 640 communiter
300 623 404 644 audiantur,
415 626 433 640 et
443 623 458 640 si
466 629 499 645 per
509 626 549 640 octo
561 623 600 640 dies
610 627 652 645 post
658 626 741 646 compota
750 623 830 646 predicta
840 624 862 640 de
870 623 955 646 eligendo
964 627 981 640 et
989 623 1099 646 perficiendo

181 659 298 678 procuratores
308 656 326 673 in
336 656 383 673 dicta
393 656 447 673 domo
458 656 493 678 ipsi
501 656 581 673 scolares
592 656 703 672 concordare
711 662 746 673 non
754 660 846 679 poterunt,
854 656 963 673 camerarius
971 656 1045 673 Francie
1053 657 1099 673 duos

181 692 297 711 procuratores
307 689 329 705 de
339 688 426 711 predictis
437 688 538 705 scolaribus
549 688 616 705 ibidem
626 689 715 710 instituat,
725 692 779 711 prout
789 695 822 705 sue
832 689 938 706 discretioni
947 689 1039 706 videbitur
1046 695 1100 712 expe-

181 722 220 738 dire⁴
231 722 252 738 Et
260 722 306 744 quia,
318 725 337 738 ut
346 721 448 738 audivimus
458 727 468 738 a
478 721 584 744 fidedignis.
595 722 644 744 quod
654 722 718 744 prefati
728 722 809 739 scolares
822 722 878 744 aliqui
892 728 929 739 non
941 723 1039 739 comedunt
1052 728 1100 739 eom-

180 752 251 769 inuniter
261 752 279 769 in
289 752 386 773 communi,
397 752 429 768 sed
440 752 458 768 in
469 752 552 773 cameris,
563 758 596 769 nec
604 753 665 775 jacent
678 753 697 768 in
712 752 819 776 d9j¹ni¹9ri⁰
834 756 895 774 contra
909 753 999 776 regularia
1011 753 1099 774 instituta,

181 785 254 802 districte
267 786 368 808 precipiunt
378 785 487 802 diffinitores
499 785 553 802 dictis
567 785 668 802 scolaribus
680 785 728 808 quod
742 785 826 802 ‹lecetero
838 792 874 802 non
884 786 979 803 comedant
992 786 1011 802 in
1024 786 1100 802 cameris

181 824 210 835 nec
216 818 283 840 jaceant
292 818 327 835 nisi
340 818 359 835 in
370 824 413 835 casu
424 818 545 839 necessitatis,
555 821 573 835 et
583 821 626 835 tunc
635 824 644 834 a
656 818 716 841 priore
726 821 745 835 et
754 819 850 841 suppriore
861 819 904 835 dicti
914 819 948 835 loci
959 818 1018 835 habita
1028 819 1100 835 licentia

181 854 196 867 et
204 850 277 868 obtenta.
287 851 353 868 Verum
364 851 405 873 quia
416 850 478 873 plures
489 854 532 867 sunt
541 851 657 873 negligentes
667 851 689 867 de
697 851 785 868 mittendo
793 851 874 868 scolares
881 851 904 868 ad
913 851 987 868 domum
995 851 1099 874 predictam,

180 889 235 900 eorum
243 883 353 906 negligentie
361 884 445 906 suppleat
452 883 538 900 dominus
546 883 681 905 Cluniacensis,
688 884 731 900 ‹lum
739 883 819 906 predicta
828 884 938 906 negligentia
945 884 1001 901 suerit
1008 883 1043 900 sibi
1051 887 1099 901 nota.

219 917 273 939 Super
282 916 322 933 aliis
328 922 372 933 vero
377 916 469 933 contentis
479 916 498 932 in
509 916 596 933 relatione
606 916 742 933 visitatorumm
750 916 791 939 quia
798 922 834 933 uon
845 917 937 939 potuimus
946 916 1047 937 informari,
1057 922 1100 939 quo-

179 950 221 966 circa
229 949 329 972 precipiunt
340 949 447 966 diffinitores
459 949 515 971 priori
529 949 589 966 Sancti
602 949 685 972 Eutropii
695 952 713 965 et
723 949 836 972 procuratori
849 949 966 966 Cluniacensi
979 953 1068 972 quatenus
1078 949 1100 966 ad

180 982 268 1005 predictam
279 982 352 998 domuin
362 982 459 999 scolarium
470 982 591 1004 personaliter
602 982 695 1003 accedant,
706 985 724 998 et
733 982 822 1004 expositis
832 982 877 1004 ipsis
887 982 906 998 in
918 982 1006 999 relatione
1020 982 1100 999 visitato-

180 1021 214 1031 rum
223 1015 309 1032 contentis
319 1018 337 1031 et
347 1015 413 1031 auditis
424 1015 544 1037 querimoniis
554 1015 643 1032 dictorum
654 1015 751 1031 scolarium
765 1021 854 1031 novorum
868 1018 885 1031 et
897 1015 1042 1031 deffensionibus
1055 1015 1100 1032 anti-

180 1054 248 1070 quorum
258 1048 302 1070 ipsis
311 1048 378 1064 sacient
384 1047 458 1070 justicie
469 1048 629 1070 complementum,
642 1047 722 1064 rebelles
731 1053 775 1064 vero
785 1051 803 1064 et
812 1047 939 1064 inobedientes
949 1048 1058 1071 compellant
1067 1054 1100 1070 per

180 1086 265 1097 censuram
275 1081 415 1097 ecclesiasticam
425 1084 443 1097 et
451 1081 485 1097 alia
496 1080 572 1103 insupcr
582 1081 662 1097 remedia
671 1084 766 1103 oportuna.
778 1081 877 1097 Statuimus
886 1081 986 1103 insuperet
995 1081 1099 1098 ordinamus

179 1114 222 1136 quod
231 1114 331 1130 visitatores
341 1113 435 1136 provincie
445 1114 520 1130 Francie
532 1114 589 1130 semel
599 1114 618 1130 in
628 1119 675 1130 anno
687 1113 708 1130 ad
718 1113 808 1130 dictorum
819 1113 893 1130 donnum
906 1114 991 1131 studeant
1001 1114 1098 1134 declinare,

180 1152 207 1168 per
216 1147 291 1169 prefatos
300 1147 380 1163 scolares
393 1146 462 1163 eisdem
478 1152 534 1163 unum
548 1147 643 1169 prandium
658 1146 784 1167 ministrando,
800 1150 854 1170 prout
868 1147 912 1163 alias
926 1147 984 1163 extitit
997 1146 1099 1167 diffinitum,

179 1179 205 1201 qui
214 1179 312 1196 visitatores
322 1179 420 1202 diligenter
430 1179 452 1195 de
463 1179 499 1196 vita
509 1183 527 1196 et
537 1179 619 1196 moribus
630 1183 647 1196 et
659 1179 802 1196 conversacione
815 1179 904 1196 dictorum
919 1179 1015 1196 scolarium
1030 1183 1099 1196 secrete

178 1214 194 1227 et
205 1212 292 1234 sigillatim
304 1218 337 1234 per
344 1213 467 1234 juramentum
478 1212 577 1235 inquirant,
588 1215 606 1229 et
620 1213 636 1228 si
651 1212 749 1235 proficiunt
760 1212 779 1229 iu
793 1212 869 1229 scientia
882 1212 998 1235 acquirenda,
1010 1216 1028 1229 et
1040 1216 1099 1229 utrum

178 1247 235 1261 statuta
244 1244 290 1261 dicte
299 1245 364 1261 domus
374 1244 441 1261 ibidem
453 1245 579 1266 observantur,
594 1248 612 1261 et
624 1245 640 1261 si
655 1245 692 1261 sint
705 1251 769 1262 omnes
783 1245 839 1268 priori
854 1248 872 1262 et
886 1245 978 1268 suppriori
993 1245 1100 1262 obedientes

178 1281 225 1299 prout
233 1278 288 1294 decet⁴

217 1321 249 1333 aar
256 1323 281 1333 m
289 1322 330 1333 rma.
339 1326 363 1334 ms.
371 1322 399 1336 ι.ι.,
408 1326 447 1335 „mm
455 1326 489 1338 καφ,
497 1322 532 1335 ma.
541 1322 563 1334 τοι.
571 1323 591 1337 ³⁹,
599 1323 612 1334 ιι
623 1322 671 1334 imum
683 1322 702 1334 ⁹1v
710 1329 725 1332 -
732 1323 756 1335 Α...
769 1323 800 1335 1³4³
807 1324 864 1336 renium
874 1325 894 1336 ,ιι
903 1323 965 1340 capania
974 1324 1037 1340 genu-nli,
1047 1324 1099 1341 unque.
