1273 1538
187 44 229 64 1330]
372 53 395 64 ,m
412 51 464 63 uno
481 51 598 63 ncczxxxvr
615 51 680 66 usque
697 51 721 63 Αι]
737 51 807 63 annun
824 52 895 64 ncnc».
1065 47 1097 63 351

187 92 279 106 vocatorum
293 91 309 105 et
325 93 426 112 rogatorum
442 88 533 111 presentia
547 88 668 111 personaliter
684 88 794 105 constitutus
808 89 836 106 vir
849 88 958 105 venerabilis
973 92 991 106 et
1007 89 1097 106 discretus

187 122 263 145 magister
271 121 362 145 Philippus
371 122 393 139 de
403 122 464 143 Curia,
473 125 512 138 actu
523 127 589 145 regens
600 125 617 138 et
627 121 706 139 decanus
717 122 735 138 in
745 121 827 139 facultate
838 122 927 139 medicine
935 122 1039 143 Parisiensi,
1047 128 1097 139 asse-

186 156 216 173 ruit
229 159 244 172 et
257 155 338 177 exposuit
353 156 420 173 ibidem
436 161 539 172 sermonem
552 161 605 172 suum
617 155 653 178 ipsi
666 155 740 172 domino
752 155 860 172 cancellario
872 155 968 178 dirigendo
980 161 984 172 z
998 162 1006 171 <‹
1020 156 1096 172 Domine

186 188 287 209 cancellarie,
300 189 398 206 reverende
412 188 505 211 magister,
518 188 562 205 alias
576 194 611 211 ego
625 194 666 205 meo
679 192 697 205 et
710 188 768 211 ipsius
781 188 870 206 facultatis
883 188 973 205 medicine
984 194 1004 205 ac
1017 188 1096 205 omnium

186 222 300 246 magistrorum
313 222 393 245 ejusdem
403 222 458 239 michi
468 221 593 239 adherentium
609 226 626 239 et
640 221 728 239 adherere
745 222 843 239 volentium
858 222 939 244 nomine,
953 228 962 239 a
976 222 1029 239 vohis
1043 226 1061 239 et
1074 222 1098 239 ab

185 255 268 273 audiencia
281 259 338 273 vestra
352 262 374 273 ex
387 255 441 273 certis
456 255 517 273 causis
528 259 545 273 et
556 255 692 279 gravaminibus
705 262 714 273 a
728 255 780 273 vobis
794 259 812 273 et
825 262 857 279 per
866 262 899 273 vos
912 255 965 273 nobis
977 255 1069 279 magistris
1079 259 1097 273 et

185 289 253 306 facultati
266 289 352 307 medicine
366 292 427 307 nostre
437 289 493 306 illatis
503 292 521 306 et
529 289 581 306 sactis
591 289 679 312 appellavi
690 295 722 306 seu
733 289 836 312 provocavi,
846 292 910 312 petens
922 295 977 312 super
987 290 1025 313 ipsa
1035 289 1098 313 appel-

185 323 242 340 latione
251 322 301 340 vohis
310 323 355 340 lecta
365 326 388 344 et,
399 322 467 340 dudum
478 326 512 344 est,
520 322 617 344 insinuata,
628 322 721 345 apostolos
731 328 740 339 a
750 322 803 340 vobis
813 322 867 340 michi
878 323 922 344 dari,
933 329 979 346 quos
989 323 1043 340 michi
1053 323 1096 340 dare

184 356 282 380 promisistis
295 360 312 374 et
323 362 359 373 non
372 356 456 377 dedistis,
466 356 499 373 sed
512 356 554 373 dare
568 356 665 373 distulistis
677 360 695 373 et
707 356 792 377 differtis3
806 356 847 373 ideo
860 356 884 373 ob
893 356 927 373 hoc
941 356 1005 374 iterum
1018 357 1097 380 appella-

185 390 223 407 tioni
232 396 268 407 mee
279 390 342 407 fortius
353 389 457 407 adherendo
470 395 503 406 vos
516 389 610 411 instanter,
621 389 725 411 instantius,
736 389 868 407 instantissime
881 390 953 413 requiro
964 390 1030 413 quibus
1042 396 1097 414 supra

185 423 283 445 nominibus,
298 427 381 447 quantum
397 429 471 446 possum
482 426 500 440 et
510 423 575 444 debeo,
586 427 675 446 quatenus
688 423 742 440 michi
755 423 848 446 apostolos
860 429 916 446 super
928 423 967 446 ipsa
977 424 1098 447 appellatione

185 463 217 474 mea
226 457 275 474 michi
285 457 326 474 dare
335 460 353 474 et
362 451 462 474 concedere
472 463 505 474 vos
516 457 582 474 velitis
593 457 644 479 Quos
654 457 669 474 si
679 457 735 474 michi
744 457 787 474 darc
798 457 931 480 denegaveritis
941 460 972 474 aut
983 457 1024 479 plus
1035 457 1097 474 debito

184 490 285 512 distuleritis,
298 491 362 508 iterum
374 490 398 507 ob
412 490 445 507 hoc
459 490 544 508 senciens
557 496 586 507 me
598 493 692 513 gravatum
702 496 711 507 a
721 490 773 507 vobis
786 493 804 507 et
815 490 909 507 audiencia
920 493 981 507 vestra
993 496 1078 512 provoco.
1088 497 1097 506 „

183 524 212 541 Cui
223 524 285 547 petenti
298 524 345 541 idem
358 523 476 541 cancellarius
491 524 586 547 respondit
597 530 601 540 z
612 531 621 540 (t
632 524 682 541 Alias
696 524 733 541 dixi
746 523 800 541 vobis
815 524 862 547 quod
878 523 970 547 apostolos
984 523 1036 541 vohis
1051 524 1099 541 daho

185 557 237 574 ultima
246 557 273 574 die
282 563 291 574 a
301 561 380 580 tempore
394 557 501 580 interposite
515 557 642 581 appellationis
654 560 672 574 et
684 557 730 574 infra
744 560 816 581 tempus
826 563 835 574 a
843 558 885 580 jure
898 560 990 578 statutum,
1004 557 1048 575 alias
1061 564 1098 575 non

184 590 311 614 respondebo.»
323 591 366 608 Acta
381 594 424 608 sunt
438 590 471 608 hec
482 591 500 607 in
511 590 588 608 ecclesia
603 591 702 608 Parisiensi
716 591 751 608 sub
765 597 820 612 anno,
833 591 940 612 indictione,
954 597 1024 612 mense,
1038 591 1067 608 dic
1082 594 1100 608 et

184 624 276 647 pontificatu
289 624 381 648 predictis,
396 624 513 647 presentibus
526 624 594 641 ibidem
608 624 693 641 discretis
705 625 749 642 vii-is
762 625 841 642 dominis
854 628 871 642 et
881 625 973 648 magistris
984 624 1066 642 Johanne
1076 625 1100 641 de

183 657 332 679 Halinis‚lohanne
340 658 362 675 de
370 658 432 679 Portu,
440 661 480 675 actu
489 657 596 681 regentibus
604 658 622 674 in
631 658 726 679 medicina,
733 658 820 675 Anselmo
828 658 876 675 dicto
884 658 928 681 Pipe
935 658 1009 680 clerico,
1015 658 1100 681 Philippo

183 691 201 708 de
210 692 277 714 Layaco,
287 691 358 708 bedello
369 691 416 708 dicte
425 691 522 712 facultatis,
533 695 551 708 et
560 691 645 715 pluribus
657 691 697 709 aliis
708 692 785 709 testibus
795 692 817 709 ad
828 692 908 715 predicta
918 692 986 709 vocatis
997 695 1015 709 ct
1023 692 1099 715 rogatis.

220 725 267 746 Item,
281 725 348 742 eisdem
362 731 416 746 anno,
431 725 539 746 indictione,
554 731 617 742 mense
632 728 649 742 et
665 725 768 748 pontificatu
784 725 877 748 predictis,
893 725 922 742 die
939 725 1008 742 decima
1023 725 1099 748 septima

183 758 226 776 illius
237 758 307 780 mensis,
321 758 364 776 hora
376 764 501 782 vesperarum,
512 758 592 781 prefatus
606 758 693 782 magister
706 758 802 782 Philippus
816 759 895 776 decanus
911 758 958 776 dicte
972 758 1062 776 facultatis
1077 758 1099 776 ad

182 792 279 815 presentiam
292 792 333 810 dicti
347 792 415 809 domini
429 792 498 809 domini
511 792 614 809 cancellarii
629 792 693 809 iterato
706 792 796 809 accedens
810 796 829 809 et
841 792 860 810 in
872 793 912 815 ejus
924 793 995 816 meique
1006 792 1072 810 notarii
1081 796 1100 809 et

183 826 245 843 testium
253 826 393 849 subscriptorum
402 826 497 849 presencia
505 826 622 847 constitutus,
631 826 712 843 secundo
720 829 738 843 et
745 826 809 843 iterato
818 826 912 847 instanter,
920 826 1024 847 instantius,
1033 826 1100 843 instan-

183 859 242 876 tissime
256 859 348 882 requisivit
362 859 450 882 prefatum
464 859 558 876 dominum
574 859 701 876 cancellarium
717 862 736 876 ut
750 859 789 882 ipse
806 859 865 876 eidem
882 865 916 876 suo
931 863 950 876 et
963 859 1029 882 quihus
1044 865 1099 882 supra

181 893 274 910 nominibus
287 899 341 915 super
353 899 386 910 sua
399 892 445 910 dicta
459 892 581 916 appellatione
594 892 688 915 apostolos
702 892 757 910 vellet
770 892 819 914 dare,
830 893 859 909 cui
872 893 920 910 idem
933 892 1018 910 dominus
1028 892 1099 910 cancel-

181 926 229 944 larius
237 927 353 949 responditz«
362 927 399 943 Hoc
412 926 456 943 alias
468 926 521 943 vobis
534 926 578 947 dixi,
589 926 638 949 quod
651 926 698 943 dabo
708 926 761 943 vobis
773 926 866 949 apostolos
876 926 938 943 ultima
949 926 978 943 die
988 932 997 943 a
1005 927 1047 949 jure
1058 932 1099 949 pre—

180 960 214 981 fixa,
223 960 274 977 nichil
287 960 335 977 aliud
344 960 396 977 vobis
412 960 535 983 respondebo.
544 967 553 976 >1
569 960 612 977 Acta
627 963 671 977 sunt
685 959 718 977 hec
732 960 795 977 ultimo
806 960 864 981 [dicha]
877 960 895 976 in
910 960 987 977 ecclesia
999 960 1098 977 Parisiensi

179 1000 225 1014 anno,
236 994 268 1015 die,
279 1000 339 1011 mense
352 993 464 1017 prescriptis,
479 993 596 1016 presentibus
609 993 677 1010 ibidem
691 993 776 1010 discretis
786 993 830 1010 viris
843 993 922 1010 dominis
932 994 985 1010 Petro
996 994 1098 1011 Froissardi

179 1027 198 1044 de
212 1027 258 1049 Kala,
272 1027 368 1045 Guillelmo
386 1027 408 1044 de.
425 1027 492 1044 Boi-dis
510 1027 531 1044 dc
546 1027 622 1048 Chaton,
635 1027 745 1044 Parisiensis
760 1027 840 1044 diocesis
854 1027 973 1044 ecclesiarum
989 1027 1064 1049 curatis,
1080 1030 1098 1044 et

179 1060 256 1078 Michaele
269 1061 290 1078 de
303 1060 420 1079 Comhisvilla
432 1060 483 1077 curie
493 1060 603 1078 Parisiensis
617 1063 635 1077 et
647 1060 738 1084 imperiali
747 1060 853 1078 auctoritate
865 1061 935 1078 notario
946 1061 1014 1084 jurato,
1024 1067 1045 1078 ac
1057 1061 1098 1084 plu-

178 1095 222 1112 ribus
231 1095 269 1112 aliis
278 1095 353 1112 testibus
363 1094 385 1112 ad
396 1094 476 1118 predicta
488 1095 557 1112 vocatis
568 1094 673 1117 specialiter
682 1098 700 1112 et
710 1094 785 1118 rogatis.

216 1129 263 1150 Item,
273 1129 339 1146 eisdem
352 1134 406 1149 anno,
417 1128 524 1150 indictione,
535 1134 598 1145 mense
611 1131 629 1145 et
639 1128 744 1151 pontificatu
758 1128 852 1151 predictis,
863 1128 892 1145 die
903 1129 972 1146 decima
982 1133 1043 1146 octava
1053 1129 1097 1146 dicti

178 1162 238 1179 mensis
250 1162 338 1183 Octobris,
354 1162 372 1179 in
387 1162 464 1179 ecclesia
481 1162 580 1179 Parisiensi
595 1162 639 1179 hora
656 1168 692 1185 qua
708 1168 785 1185 vespere
803 1165 854 1179 crant
869 1162 887 1179 in
904 1162 982 1180 ecclesia
998 1162 1097 1180 Parisiensi

177 1199 243 1216 cantate.
253 1195 378 1219 complector-io
393 1195 472 1219 incepto,
483 1196 501 1212 in
515 1195 574 1219 ipsius
588 1195 658 1213 domini
670 1195 774 1213 cancellarii
787 1196 859 1219 meique
872 1196 937 1213 notarii
948 1196 1016 1219 publici
1026 1199 1045 1213 et
1054 1196 1098 1213 sub-

177 1230 273 1252 scriptorum
288 1230 359 1247 testium
374 1229 395 1246 ad
411 1229 444 1246 hec
458 1233 564 1247 vocatorum
580 1230 682 1253 presencia,
698 1230 778 1253 prefatus
793 1230 880 1253 magister
894 1230 995 1253 Philippus,
1006 1230 1070 1247 dicens
1080 1233 1099 1247 et

176 1268 251 1280 asserens
260 1263 324 1280 ibidem
335 1263 380 1280 hanc
393 1266 497 1286 presentem
508 1263 555 1280 diem
567 1267 585 1281 ct
594 1263 657 1280 horam
668 1263 794 1287 complectorii
804 1270 846 1281 esse
856 1263 936 1281 ultimam
949 1263 997 1280 diem
1007 1267 1026 1281 et
1035 1263 1096 1281 horam

176 1296 252 1319 temporis
266 1303 274 1314 a
285 1297 327 1320 jure
343 1296 410 1317 statuti,
427 1297 492 1314 iterato
510 1297 606 1319 instanter,
619 1298 728 1318 instantius,
745 1298 878 1315 instantissime
893 1298 989 1321 requisivit
1003 1298 1096 1315 dominum

175 1329 297 1351 cancellarium,
307 1334 327 1348 ut
335 1331 381 1353 ipse,
392 1334 447 1353 prout
457 1331 566 1354 promiserat
577 1331 628 1353 alias,
639 1331 734 1355 apostolos
744 1337 801 1355 super
811 1338 842 1349 sua
855 1332 977 1355 appellatione
987 1332 1098 1349 concederet
