1273 1538
186 45 227 64 1328]
371 50 394 61 Aa
410 50 463 63 Anno
480 50 597 62 ncczxxxvn
614 50 680 65 usqum
697 51 721 62 ιιι)
738 51 808 62 annun
824 51 895 63 καίτοι.
1064 45 1096 65 311,

185 88 267 111 legittima,
282 87 364 110 quinymo
379 89 420 110 typo
435 87 509 108 malitie,
524 87 589 108 solum,
601 87 647 104 sicut
660 87 724 108 fertur,
738 91 757 104 ut
771 87 830 104 taliter
844 87 942 110 impeditus
953 93 990 104 non
1002 90 1065 110 posset
1074 87 1096 104 ad

185 121 260 138 lecturam
273 121 401 138 Sententiarum
414 121 494 138 Parisius
507 123 525 137 et
537 120 558 137 ad
571 123 636 137 statum
650 120 749 144 magisterii
761 120 871 143 promoveri,
882 120 929 137 sicut
938 120 997 137 eidem
1010 120 1097 138 cardinali

185 154 270 171 inultorum
280 153 409 177 fidedignorum
420 154 493 171 fratrum
505 154 586 176 ejusdem
595 153 670 171 Ordinis
680 154 759 171 veridica
770 153 833 170 relatio
841 153 932 176 patefecit,
940 153 974 170 fuit
984 159 1016 176 per
1026 157 1098 170 senten-

184 188 219 205 tiam
231 188 251 204 ad
263 193 349 204 carcerem
360 187 451 210 judicatus
463 190 481 204 et
491 187 602 210 provisione,
613 193 665 210 quam
677 187 758 210 recipere
768 193 777 204 a
788 187 881 210 provincia
890 186 978 204 debuerat
988 187 1097 209 supradicta,

184 221 203 239 ab
214 221 275 238 eisdem
289 221 345 238 extitit
355 221 421 244 injuste
436 221 522 243 privatus.
535 221 611 243 Propter
624 220 674 243 quod
688 220 752 237 eodem
763 220 831 237 Jacobo
844 220 866 237 ad
879 233 890 237 .,
903 220 1007 243 generalem
1019 220 1097 243 priorem

184 255 221 272 dicti
234 254 304 272 Ordinis
320 260 375 278 super
388 254 441 272 dictis
455 254 590 278 gravaminibus
607 258 625 271 et
641 254 713 276 injuriis
730 260 766 271 non
781 254 850 277 absque
867 253 961 271 laboribus
978 257 996 271 et
1012 254 1098 277 expensis

184 288 258 312 gravibus
268 291 376 310 recurrente⁷
386 288 433 305 idem
444 288 494 311 prior
504 288 595 311 generalis
605 288 713 305 sententiam
724 288 822 311 predictam
833 288 929 311 suspendit
939 294 978 305 earn
989 288 1024 305 sibi
1034 288 1098 305 exami-

184 322 250 339 nandam
257 328 355 342 reservans,
366 321 470 344 dictumque
479 321 565 338 jacobum
576 325 660 344 tanquam
671 321 740 338 honum
752 325 770 338 et
782 321 901 339 sufficientem
914 321 983 345 alisque
996 322 1045 339 omni
1056 325 1097 339 nota

183 355 258 378 culpabili
266 361 299 372 una
309 361 348 372 eum
359 355 424 372 dilecto
435 355 472 371 filio
482 355 564 372 Johanne
574 355 671 378 Pangiota*
682 355 725 372 dicti
736 354 811 372 Ordinis
821 361 871 372 sacre
884 355 950 378 pagine
961 355 1065 378 professore
1075 355 1097 372 ad

184 388 232 411 ipsius
241 388 339 409 cardinalis,
349 391 391 405 tunc
403 388 536 411 archiepiscopi
549 387 669 411 Neapolitani,
683 388 791 411 obsequium
805 388 903 410 deffinivit,
916 388 1001 411 dictoque
1011 388 1098 405 cardinali

184 425 229 439 totam
242 427 289 438 suam
301 422 422 439 auctoritatem
439 427 494 444 super
508 427 586 444 persona
600 421 683 444 ejusdem
697 421 760 438 Jacohi
773 427 806 444 per
820 421 889 438 litteras
904 425 986 444 patentes
999 422 1096 443 concessit,

183 455 240 472 dietum
255 455 337 472 Jacobuin
354 455 376 472 ab
392 454 477 472 omnibus
495 455 602 472 officialibus
619 455 662 472 dicti
679 455 804 480 Ordinisbper
821 454 893 472 easdem
912 455 980 471 litteras
995 455 1097 472 eximendo.

183 488 267 511 Quodque,
277 494 314 505 cum
328 488 386 505 dictus
399 488 477 505 Jacobus
491 488 511 505 ad
527 488 593 505 dictum
607 488 724 509 cardinalem,
735 491 777 505 tunc
791 488 956 511 archiepiscopum,
966 494 987 505 se
999 488 1097 510 conferret,

183 521 228 538 dictis
239 521 326 543 lintribus,
341 522 371 544 qui
386 521 437 544 prius
450 521 512 544 inique
527 524 655 544 processerant
667 525 730 539 contra
745 527 792 542 eum,
809 521 948 544 procurantibus
963 528 995 544 per
1009 522 1097 544 quosdam

182 554 220 571 alios
229 554 288 571 sratres
298 555 378 577 ejusdcm
391 554 465 572 Ordinis
479 554 552 572 illorum
565 555 585 571 in
598 554 631 572 hac
641 558 691 578 parte
701 555 801 578 complices
811 558 828 572 et
837 555 917 572 fautores
927 555 970 577 (non
983 554 1098 572 obstantibus

181 588 249 609 licentia,
265 588 376 611 exemptione
394 591 412 605 et
430 588 553 611 suspensione
569 588 675 611 hujusmodi
692 588 711 605 in
728 589 802 611 scriptis
821 588 905 609 redactis,
924 594 1000 611 quarum
1017 589 1098 605 omnium

182 624 252 644 patentes
261 621 327 638 litteras
336 621 417 644 ejusdcm
428 621 495 644 prioris
504 621 596 644 generalis
609 627 671 638 seeum
682 622 729 638 idom
741 621 820 639 ,lacobus
830 622 924 639 deserebat
933 625 951 639 ct
964 621 1002 639 illis
1011 622 1098 644 ostendit)

181 649 240 677 captus,
249 654 311 671 litteris
321 654 407 677 predictis
416 657 434 671 et
444 654 499 671 rebus
510 654 595 671 omnibus
604 654 640 671 sibi
650 660 683 677 per
692 655 759 672 dictum
768 655 856 672 Ordinem
864 655 891 672 sie
899 655 993 672 concessis
1001 655 1097 678 spoliatus,

181 691 196 704 et
206 687 266 704 eareeri
279 688 296 704 in
309 687 426 711 compedibus
439 688 505 704 ferreis
518 688 575 705 extitit
588 688 707 710 mancipatus,
721 692 739 705 et
753 694 785 711 per
799 692 840 705 octo
853 688 893 705 dies
906 688 991 705 detentus
1005 688 1065 705 taliter
1079 688 1097 705 in

181 726 242 737 carcere
252 720 357 744 supradicto,
368 724 386 738 et
395 727 427 744 per
437 721 525 743 quosdam
535 727 558 738 ex
567 721 594 738 eis
605 721 734 738 nichilominus
745 721 792 744 apud
803 727 868 744 graves
881 727 970 744 personas
980 722 1027 738 falso
1037 721 1098 739 multi—

181 754 242 777 pliciter
253 754 356 775 diffamatus,
370 754 392 771 oh
406 754 458 777 cujus
471 754 553 771 timorem
568 754 646 772 carceris
658 754 742 777 Angelus
754 755 776 772 dc
789 755 865 772 Perusio
878 755 940 778 laycus
953 760 986 772 seu
996 760 1097 772 conversus

181 787 245 805 Ordinis
254 787 349 809 memorati,
360 791 402 805 tune
412 787 473 805 socius
484 787 527 805 dicti
541 787 603 805 Jacohi
618 791 635 805 et
651 788 744 805 familiaris
756 788 853 805 cardinalis
866 788 954 811 ejusdem,
968 788 1031 811 posuit
1043 794 1063 805 se
1078 788 1097 805 in

180 821 221 844 suga,
231 824 246 838 et
257 821 305 838 solus
315 821 376 838 venire
389 826 465 838 necesse
480 820 542 838 habuit
555 821 576 838 ad
589 821 699 844 presentiam
712 821 816 842 cardinalis,
829 825 872 838 tunc
884 821 1018 844 archicpiscopi
1034 827 1097 844 supra-

181 854 222 875 dieti,
232 860 262 871 nec
271 857 343 877 propter
352 854 450 871 absentiam
461 854 504 871 dicti
515 854 581 877 prioris
592 854 684 877 generalis
694 854 713 871 in
726 855 801 871 remotis
813 855 885 877 agentis
898 854 941 871 dicti
954 860 1041 871 excessus
1054 858 1096 871 tunc

181 888 238 910 ror-rigi
251 891 349 910 potuerunt.
363 888 422 909 Quare
437 887 517 910 prefatus
531 887 628 904 cardinalis
643 887 697 904 nobis
712 887 805 904 hmniliter
820 888 928 910 supplicavit
943 891 968 909 ut,
985 894 1007 905 nc
1022 891 1097 911 proptcr

181 921 291 944 impunitatem
300 927 361 938 eorum
372 921 411 938 aliis
421 920 537 944 perpetrandi
549 920 614 937 similia
627 921 701 938 audacia
714 921 834 942 ministretur,
848 921 945 943 providere
959 927 1014 944 super
1027 921 1061 938 ltoc
1074 921 1097 938 de

181 958 258 977 oportuno
270 954 348 971 remedio
360 954 482 976 dignaremur.
493 954 582 976 Quocirca
595 954 701 971 discretioni
712 957 771 971 vestre
782 960 815 977 per
824 954 922 976 apostolica
933 954 1000 977 scripta
1014 954 1096 971 commit-

181 988 227 1005 timus
235 991 252 1005 et
260 987 361 1005 mandamus
371 987 455 1010 quatinus
466 987 488 1004 ad
498 987 557 1004 locum
568 993 600 1004 seu
611 987 650 1004 loca
659 987 679 1004 in
689 987 756 1010 quibus
764 987 798 1004 hee
806 990 906 1010 perpetrata
914 987 989 1004 fuerunt
996 987 1012 1004 si
1020 988 1096 1004 comode

181 1021 258 1044 poteritis,
275 1021 379 1038 accedentes
395 1020 482 1043 (alioquin
500 1020 519 1038 in
535 1020 599 1038 eadem
615 1020 707 1043 provincia
724 1021 792 1038 vocatis
809 1020 830 1037 atl
845 1021 955 1043 presentiam
972 1024 1051 1038 vestram
1065 1021 1096 1044 qui

181 1055 238 1072 fuerint
251 1054 339 1076 evocandi)
353 1054 376 1071 de
389 1054 485 1077 premissis
499 1054 605 1071 excessibus
619 1054 724 1071 auctoritate
739 1057 802 1071 nostra
814 1053 922 1077 diligentius
934 1054 1037 1077 inquiratis¹
1051 1058 1068 1072 et
1081 1054 1097 1072 si

181 1088 274 1105 inveneritis
285 1088 306 1104 im
316 1093 363 1109 esse,
374 1087 432 1104 eidem
442 1087 509 1104 Jacobo
524 1087 546 1104 de
561 1087 646 1104 omnihus
658 1087 742 1110 dampnis
755 1093 812 1110 super
824 1087 877 1105 dictis
890 1087 946 1104 rebus
957 1087 992 1105 sibi
1002 1088 1096 1105 concessis

181 1127 208 1144 per
220 1121 282 1138 dictum
291 1121 383 1142 Ordinem,
394 1124 413 1138 ut
422 1121 519 1144 prefertur,
531 1121 546 1138 ei
560 1121 656 1138 occasione
669 1121 801 1144 premissorum
814 1120 869 1138 illatis
883 1124 901 1138 et
914 1121 1001 1145 expensis
1014 1127 1046 1144 per
1056 1127 1096 1138 eum

181 1158 245 1177 propter
257 1154 289 1171 hoc
301 1155 351 1171 factis
366 1154 450 1171 satisfieri
463 1154 539 1175 niniatisv
555 1154 614 1177 ipsum
627 1154 733 1171 auctoritate
749 1154 829 1177 predicta
839 1154 969 1171 nichilominus
984 1154 1097 1171 declarantes

181 1187 238 1204 nullam
247 1188 290 1204 same
296 1188 383 1210 jacturam
396 1187 424 1205 vel
434 1187 522 1204 lesionem
534 1188 630 1204 occasione
639 1188 772 1210 premissorum
782 1187 896 1211 aliquatenus
909 1188 1016 1210 incurrisse,
1029 1187 1097 1204 dictos-

180 1227 210 1243 que
218 1221 276 1238 fratres
286 1221 372 1238 dictorum
383 1227 490 1238 excessuum
502 1224 608 1244 patratores,
617 1224 635 1238 et
645 1227 677 1238 eos
688 1221 719 1244 qui
727 1227 784 1244 super
793 1221 829 1238 hiis
837 1221 927 1238 dederunt
934 1221 1028 1242 auxilium,
1036 1221 1097 1238 eonsi-

180 1253 217 1270 lium
229 1257 246 1270 et
256 1254 339 1275 savorem,
353 1254 406 1277 penis
419 1254 487 1271 debitis
501 1258 555 1278 prout
566 1255 636 1277 justum
650 1255 706 1271 suerit
720 1254 841 1278 appellatione
857 1254 959 1278 postposita
974 1254 1096 1277 percellentes

177 1287 220 1310 juxta
229 1288 305 1311 ejusdcm
316 1288 389 1305 Ordinis
399 1292 470 1310 statuta,
484 1292 501 1306 et
515 1289 531 1306 si
544 1289 621 1305 eundem
631 1288 719 1306 Jacobum
729 1289 782 1306 talem
793 1289 863 1312 culpam
875 1288 980 1311 repereritis
993 1288 1096 1310 comisisse,

179 1324 301 1344 propterquam
314 1322 393 1345 predicta
407 1322 492 1340 debuerit
504 1323 569 1340 merito
583 1322 695 1344 substinere,
706 1328 747 1339 eum
762 1323 846 1340 similiter
860 1323 939 1345 puniatis
951 1323 1002 1346 juxta
1013 1323 1095 1346 ejusdem
