1273 1538
179 60 221 79 1334]
365 66 388 77 ΑΒ
405 66 457 77 Anno
474 65 592 77 ucczxxxvi
609 65 676 80 usqua:
693 66 717 77 in
734 66 803 77 nuum
819 66 890 78 uacci..
1060 60 1093 78 429

178 102 255 121 uentibus
266 102 288 119 ad
300 102 354 119 fidem
366 101 471 119 catholicam
484 102 556 124 questio
566 101 670 119 ventiletur.
684 102 706 119 Et
716 102 758 125 quia
769 102 853 119 nonnulli
864 102 886 119 de
895 102 951 123 euris,
962 102 992 125 qui
1002 108 1043 119 cum
1054 102 1092 120 suis

179 135 293 159 superioribus
307 135 366 158 quiete
382 135 497 152 nesciverunt
512 135 580 155 vivere,
595 140 628 152 nec
641 140 651 151 a
660 135 689 152 via
704 135 734 152 illa
748 135 807 152 adhuc
821 135 882 152 sciunt
893 135 985 156 recedere,
999 135 1032 152 sed
1045 135 1063 152 in
1073 141 1093 152 ea

179 169 231 192 potius
244 173 357 190 perseverare
369 173 405 184 non
418 170 491 185 cessant
500 168 550 190 juxta
563 167 713 184 illudzsordihus
726 167 791 184 imbuti
808 171 901 190 nequeunt
917 168 1008 184 dimittere
1022 168 1093 189 sordes,

179 202 199 219 de
210 201 272 224 quibus
286 201 356 223 sapiens
370 200 450 223 loquitur
464 200 527 217 dicens
538 206 541 217 z
551 208 559 216 «
571 200 697 217 Adholeseens
711 201 762 223 juxta
776 200 822 217 viam
840 206 890 217 suam
906 206 946 217 cuin
962 200 1044 217 senuerit
1058 206 1095 217 non

179 234 243 252 recedet
252 234 273 251 ab
283 234 312 250 ea‘
321 240 336 255 n,
347 239 383 250 non
392 237 465 250 cessant
474 233 518 250 falsa
529 237 546 250 et
559 234 646 250 mendosa
659 239 715 256 super
723 233 759 251 hiis
769 237 788 250 et
797 233 859 251 multis
871 234 911 251 aliis
921 238 951 251 tue
961 233 1095 256 magnificentie

179 268 251 286 scribere
259 273 263 284 ι
271 267 348 290 regalem
362 272 447 290 rogamus
460 266 586 284 excellentiam
599 271 620 284 ut
631 267 713 290 ipsorum
727 267 772 284 [acta
787 268 847 290 potius
859 267 903 285 velit
915 267 1032 285 considerare
1043 273 1096 290 quam

179 301 233 319 verba>
249 300 266 317 Si
280 300 326 317 enim
341 300 374 317 hoc
389 300 461 321 seceris,
476 303 559 317 tenemus
574 300 656 321 indubie,
672 300 721 323 quod
735 306 798 317 eorum
813 300 874 318 verbis
890 301 966 323 perfidis
983 306 1096 324 nequaquam

180 335 227 352 fidem
236 333 287 350 dabit.
298 334 343 351 Cum
352 334 406 350 fratre
416 337 475 350 autem
485 333 568 356 predicto
578 333 664 356 precipue
675 337 705 350 tue
715 333 855 351 interventionis
865 333 940 351 obtentu
949 334 1029 357 benig-ne
1040 334 1097 351 inten-

181 368 233 385 dimus
241 370 258 383 et
266 366 413 387 misericorditer,
424 366 439 383 si
450 366 528 389 eguerit,
538 372 600 389 agere,
613 366 682 383 offensa
691 366 745 383 vitata
757 366 824 383 divina.
837 367 877 383 Dat.
887 367 924 389 xiiij
937 367 972 384 kal.
983 367 1097 388 Decembris,

181 406 221 418 anno
230 399 276 422 xviij.

220 448 249 463 nug.
255 448 283 459 vn.
291 448 338 460 Sam-0⁴>
345 447 408 460 iohanni:
415 447 454 462 xxn'
462 451 484 460 ιιι..
492 447 512 462 1³,
519 449 535 459 n·
540 448 568 462 117,
575 451 596 463 ep.
604 448 632 461 17³,
640 448 662 459 [οι.
671 448 707 460 wa».

221 490 231 501 t.
238 489 251 501 v⁴
259 493 298 505 ...pm
303 491 318 501 a·
325 490 352 504 m,
360 491 386 501 mn.
393 489 405 501 3⁴
412 496 428 498 -
435 489 447 501 2⁴
455 489 470 501 v.
479 493 519 505 ...pn
527 491 542 501 no
549 490 577 504 ⁹71,
585 491 616 501 ‚202-
624 490 635 501 ι
643 496 659 499 -
666 490 679 501 s.
686 490 701 502 v.
709 494 750 506 ...pn
756 491 770 501 ,ιο
775 490 803 504 9η,
811 491 837 502 noe.
845 490 857 502 ι.
865 496 880 499 -
887 490 899 502 ι.
906 490 954 505 From,
962 494 995 505 xm,
1002 491 1015 503 e.

181 584 229 603 981.
239 588 299 602 tinem
308 588 357 606 vigente
365 592 412 602 mmm
427 588 528 605 magistrorum
538 588 643 601 Parmensium
654 587 668 601 in
679 588 751 605 theologia
761 588 782 601 aa
793 588 876 607 Philippum
889 588 910 606 W,
921 592 968 605 regem
978 589 1068 606 Francorum,
1082 589 1099 602 ae

218 614 255 626 :eam
262 612 340 626 animarum
348 616 406 631 corpore
412 614 493 626 aucarum.

770 630 809 645 13³⁴,
817 630 893 646 danum-172,
900 630 957 644 eat-iniit.

219 667 334 684 Serenissimo
344 667 421 691 principi
431 673 451 684 ac
461 667 536 684 domino
546 667 630 690 Philippo
640 667 674 684 Dei
684 667 741 690 gratia
751 667 790 690 regi
801 668 910 684 Francorum
922 667 990 684 illustri
1000 667 1029 684 sui
1039 668 1100 685 devoti

181 700 265 723 capellani,
286 700 366 723 ejusdem
385 700 501 717 miseratione
517 700 588 721 Petrus,
609 700 710 723 patriarcha
732 700 932 723 Jhierosolymitanus¹,
954 701 1025 721 Petrus,
1041 700 1100 718 archi-

181 733 269 756 episcopus
284 733 451 756 Romomagensis¹,
466 733 577 750 Guillelmus
592 733 687 754 Bernardi,
701 733 821 750 cancellarius
838 733 952 754 Parisiensis,
968 733 1060 750 Iohannes
1077 734 1100 750 de

181 766 275 790 Blangiaeo,
288 766 424 783 archidiaconus
436 766 541 783 Vulcassini
554 766 573 783 in
585 766 663 783 ecclesia
675 766 835 789 Rothomagensi’,
848 766 946 784 Nicholaus
959 766 981 783 de
991 767 1044 790 Lyra,
1055 766 1099 784 Ord.

181 800 246 816 fratrum
262 799 366 821 Minorum‘,
383 799 476 816 Johannes
494 799 516 816 de
533 799 648 820 Mentheno‘,
666 799 711 817 Ord.
729 799 747 816 S.
765 799 866 821 Benedicti,
883 799 965 817 Mat-heus
980 800 1003 816 de
1017 799 1100 821 Archis‘,

182 833 238 850 Petrus
249 833 270 850 de
280 832 353 854 Palma',
364 832 414 856 prior
427 832 545 855 provincialis
558 833 632 849 fratrum
646 833 722 850 Ordinis
735 833 872 850 predicatorum
885 833 903 850 in
916 833 996 854 Francia,
1009 832 1101 850 Johannes

182 865 201 882 de
209 866 314 888 Caricampo,
328 865 402 882 Ordinis
415 865 550 886 Cisterciensffi,
560 866 625 882 Petrus
636 865 658 882 de
668 866 721 886 Casa,
732 865 783 888 prior
794 865 887 888 generalis
898 866 973 883 fratrum
982 865 1035 882 beate
1045 866 1101 882 Marie

182 898 200 915 de
213 899 307 919 Carmelo',
325 899 391 921 Symon
406 898 428 915 de
444 898 556 920 Meneriisff,
570 898 681 916 Guillelmus
694 899 717 915 de
730 899 795 916 Castro
810 898 913 921 Reginaldi,
929 898 1003 916 Ordinis
1017 898 1102 915 Prediea-

181 932 254 953 torum¹¹,
268 932 368 949 Germanus
383 931 464 952 Celati¹¹,
478 931 558 948 Garinus
569 931 592 948 de
602 931 688 954 Gyaeo¹²,
701 931 776 948 Ordinis
791 931 936 953 Predieatorum,
953 931 1064 948 Guillelmus
1079 931 1101 948 de

181 964 254 985 Brena¹‘,
268 964 340 982 Ordinis
350 965 448 986 Minorum,
461 964 573 981 Guillelmus
586 964 669 984 Caltot¹⁵,
683 964 758 981 Ordinis
772 964 915 985 Predicatorum,
933 964 1025 982 Olivarius
1041 964 1101 981 Salan-

180 997 234 1019 dini&
244 998 333 1015 Gerardus
347 998 369 1015 de
382 997 494 1021 Pergamo¹⁷‚
505 997 580 1014 Ordinis
591 997 723 1014 Heremitarum
735 997 752 1015 S⁴
762 997 869 1020 Augustini,
879 998 944 1014 Petrus
954 997 977 1014 de
987 997 1099 1018 Verberiass,

179 1030 246 1048 Ordinis
257 1030 426 1051 Vallis-Scolarium,
441 1030 540 1048 Nicholaus
553 1031 576 1047 de
589 1030 705 1051 Alexandria,
716 1030 791 1047 Ordinis
802 1030 933 1047 Heremitarum
946 1030 964 1048 S.
975 1030 1098 1054 Augustini¹‘‚

180 1064 236 1080 Petrus
245 1063 321 1085 Horle¹⁰,
333 1063 408 1081 Ordinis
421 1063 566 1084 Carmelitarum,
577 1063 676 1080 Nicholaus
687 1063 775 1084 Boneti¹¹,
791 1063 867 1081 Ordinis
881 1063 954 1080 fratrum
970 1063 1068 1084 Minorum,
1082 1066 1100 1080 et

179 1096 267 1114 Durandus
274 1097 296 1113 de
302 1097 421 1117 Aureliaeo¹¹,
433 1096 508 1114 Ordinis
518 1096 593 1113 fratrum
603 1097 746 1117 Predicatorum,
757 1102 808 1113 sacre
816 1096 909 1120 theologie
920 1096 1008 1120 magistri,
1019 1102 1060 1113 cum
1070 1096 1099 1113 sui

179 1129 268 1147 humillima
283 1129 458 1147 recommendatione
473 1135 506 1153 per
520 1129 626 1152 temporalis
640 1130 694 1153 regni
708 1130 791 1153 regimen
807 1129 833 1146 sic
847 1130 924 1147 transire
937 1133 957 1147 ut
970 1129 1064 1153 perveniat
1078 1129 1100 1146 ad

179 1162 252 1185 perpetui
262 1163 313 1186 regni
323 1163 400 1180 culmen.

217 1195 281 1213 Placuit
288 1200 347 1213 vestre
355 1195 405 1218 regie
413 1195 502 1218 majestati
510 1201 544 1212 nos
553 1195 643 1212 dominica
652 1199 714 1218 quarta
721 1196 818 1213 Adventus
826 1196 915 1213 Domini¹³
923 1196 941 1212 in
949 1199 1010 1213 vestro
1019 1195 1098 1212 manerio

178 1228 194 1245 in
202 1234 271 1245 nemore
281 1228 303 1246 de
312 1229 386 1246 Vicenis
396 1228 418 1245 ad
428 1229 456 1246 sni
467 1228 576 1251 presentiam
589 1234 690 1246 convocare
704 1234 775 1252 nosque
787 1229 888 1252 requirere,
902 1229 950 1252 quod
960 1228 1050 1246 vellemus
1059 1234 1099 1246 cor-

178 1261 232 1284 porale
242 1261 360 1284 juramentum
375 1264 462 1284 prestare,
477 1261 526 1285 quod
540 1267 596 1285 super
609 1262 695 1285 petendis
704 1267 714 1278 a
724 1262 778 1279 nobis
790 1262 814 1278 de
825 1265 872 1279 statu
884 1262 983 1278 animarum
997 1265 1099 1279 sanctarum

178 1300 186 1311 a
194 1294 294 1317 corporibus
308 1298 399 1312 exutarum
409 1295 503 1312 veritatem
515 1301 568 1317 quam
580 1295 712 1316 sentiebamus,
723 1294 802 1313 fideliter
812 1298 829 1312 et
839 1295 908 1317 absque
917 1295 1029 1318 palliationis
1038 1296 1100 1319 cujus-

178 1333 247 1350 cumque
259 1327 346 1345 velamine
360 1328 472 1349 diceremus,
486 1328 616 1345 assistentibus
629 1331 690 1346 vestre
704 1328 755 1351 regie
768 1328 873 1345 celsitudini
888 1328 1020 1347 excellentibus
1032 1330 1100 1353 princi-
