1273 1538
179 40 212 58 356
469 46 628 58 cunnrunmvu
645 46 740 58 umvras.
757 46 823 58 ranis.
1056 39 1099 58 [1331

181 82 264 100 sionibus
277 83 320 100 dicti
334 83 417 106 magistri
432 83 502 100 Alsonsi
517 89 537 100 ac
551 83 596 100 visis
609 89 629 100 ac
644 83 742 106 diligenter
756 83 829 100 attentis
843 87 859 100 et
874 83 991 100 consideratis
1006 82 1072 100 statutis
1085 86 1100 99 et

180 116 344 133 consuetudinibus
355 117 402 133 dicte
416 116 512 137 facultatis,
527 117 576 139 quod
586 117 625 139 ipse
638 117 725 139 magister
735 116 823 133 Alsonsus
833 120 895 133 eontra
907 116 1006 138 juramenta
1020 121 1050 138 per
1063 121 1099 132 eum

180 149 255 172 prestita
265 150 355 166 veniendo
365 153 500 172 attemptaverat
511 152 572 166 contra
583 149 639 166 dictas
649 149 792 166 consuetudines
806 152 823 166 et
837 153 908 168 statuta.
919 152 937 166 et
946 149 969 166 ob
980 148 1013 166 hoe
1024 148 1099 171 perjurus

181 186 225 203 erat,
236 183 317 205 privatus
327 186 345 199 et
355 182 433 203 infamis,
444 185 461 199 et
470 182 512 199 ideo
523 182 594 199 dicebat
606 182 644 205 ipsa
657 182 732 199 facultas
742 182 791 204 quod
802 182 856 205 [quia]
870 182 910 205 ipse
922 186 960 199 erat
974 181 1013 199 talis
1031 187 1100 204 persona

181 222 216 238 que
227 222 263 233 non
274 219 344 238 poterat
353 215 420 232 hahere
430 215 520 232 licentiam
531 215 549 232 in
559 215 642 232 facultate
653 215 743 232 medicine
753 215 862 238 supradicta,
873 221 907 232 nec
917 221 949 238 pro
959 215 998 238 ipso
1007 217 1037 231 aut
1045 218 1100 232 contra

181 249 240 272 ipsum
254 249 336 271 magistri
346 249 393 266 dicte
404 248 494 265 facultatis
504 248 596 271 deponere
607 248 722 265 tenebantur.
733 249 813 272 Postque
823 248 943 265 incontinenti
953 248 1011 265 dictus
1023 241 1101 271 magister

181 282 293 305 Reginaldus
305 282 365 298 locum
380 285 444 299 tenens
459 282 522 298 decani
537 281 626 298 medicine
640 282 734 298 memorati
753 281 831 298 inhibuit
848 285 866 298 et
882 281 960 304 injunxit
977 281 1046 299 nomine
1059 281 1100 299 dicte

181 315 271 332 facultatis
284 318 302 331 et
315 314 349 331 sub
364 314 426 331 debito
438 315 583 337 juramentorum
599 320 673 332 suorum
688 318 723 332 tam
738 315 786 331 dicto
801 315 888 337 magistro
903 314 978 331 Alsonso
993 320 1043 337 quam
1059 315 1100 332 dicto

181 348 269 371 magistro
278 348 331 364 Petro
342 351 384 365 tunc
395 348 519 370 presentibus,
534 348 582 365 dicto
595 348 681 365 videlicet
694 348 782 371 magistro
797 348 874 365 Alsonso
888 354 911 364 ne
925 348 1012 371 acciperet
1024 348 1051 365 vel
1064 348 1101 365 reci·

182 385 233 404 peret
242 381 332 398 licentiam
343 381 362 398 in
373 381 420 399 dicta
432 381 515 398 facultate
529 387 538 398 a
551 381 599 398 dicto
612 381 727 402 cancellariov
742 385 759 398 et
774 381 822 398 dicto
835 381 922 404 magistro
936 382 988 398 Petro
1002 387 1024 398 ne
1037 381 1073 404 ipse
1085 382 1101 399 in

182 414 230 431 dicta
239 414 312 431 licentia
323 414 439 432 concedenda
450 420 527 438 presens
538 418 587 431 esset
597 418 659 431 contra
668 414 813 432 consuetudines
823 418 841 431 et
850 418 914 431 statuta
924 414 1011 432 facultatis
1021 415 1101 432 medicine

182 447 294 470 supradicteg
305 451 323 464 et
332 448 385 465 etiam
396 454 419 465 ne
429 448 500 471 aliquos
510 451 560 465 actus
571 448 677 465 scolasticos
688 448 716 465 vel
727 448 841 471 magistrales
850 448 869 465 in
880 448 925 465 dicta
933 448 1014 465 facultate
1022 448 1101 465 medicine

184 485 297 502 exercerent,
308 487 404 504 quousque
416 482 493 498 consilio
504 481 565 499 habito
576 488 615 499 cum
627 482 691 505 peritis
701 482 748 498 dicta
758 481 833 498 facultas
846 481 935 498 medicine
949 481 997 498 aliud
1010 487 1062 505 super
1073 481 1102 499 hoc

182 515 292 532 ordinasset.

228 549 243 565 A
254 548 321 571 quibus
331 548 417 565 omnibus
427 552 445 565 et
456 548 536 571 singulis
548 549 608 566 dictus
618 549 705 571 magister
718 548 806 565 Alsonsus
820 548 842 565 ad
855 548 971 565 reverendam
981 552 1051 565 matrem
1066 549 1103 565 Uni-

184 581 289 598 versitatem
301 582 423 599 Parisienseni
439 581 550 599 verbotenus
563 582 661 605 appellavit
674 587 707 598 seu
720 582 831 605 provocavit,
845 585 862 598 et
878 582 925 599 dicte
938 581 1015 599 facultati
1033 581 1104 598 inhibuit

185 620 207 631 ex
217 618 267 638 parte
277 615 351 632 illorum
364 615 386 632 ad
402 621 448 638 quos
461 615 569 638 appellabat,
583 621 605 632 ne
619 615 688 638 aliquid
703 618 828 638 attemptarent
839 619 900 632 contra
914 616 979 638 ipsum-
992 615 1025 633 Cui
1039 615 1103 638 quidem

184 648 308 671 provocationi
322 654 355 666 seu
369 648 486 672 appellationi
500 648 559 666 dictus
575 649 661 672 magister
674 650 738 666 Petrus
753 649 874 666 incontinenti
888 648 958 666 adhesit
968 653 985 666 et
995 649 1016 666 de
1031 654 1074 666 novo
1085 648 1103 665 ad

185 682 250 699 dictam
263 682 403 699 Universitatem
419 688 451 705 pro
466 682 561 705 premissis
576 682 711 705 gravaminibus
725 682 761 699 sibi
775 683 837 704 illatis,
851 686 871 699 ut
887 682 963 703 dicebat,
980 683 1077 705 provocavit
1089 686 1105 700 et

185 716 288 739 appellavit,
299 718 382 738 petentes
390 715 432 732 hinc
442 716 485 732 inde
496 721 551 738 super
561 715 595 733 hoc
605 722 637 738 per
647 721 681 732 nos
692 716 772 733 notarios
782 716 908 739 infrascriptos
917 716 957 732 fieri
967 715 1036 739 publica
1044 716 1104 733 instru-

185 752 251 771 menta,
262 753 341 766 astantes
354 749 371 766 in
382 749 506 766 testimonium
519 749 649 773 premissorum
662 749 770 766 invocando.
784 750 827 766 Aeta
840 749 913 766 fuerunt
924 749 957 766 hec
970 749 1047 766 Parisius
1058 755 1104 771 anno,

185 783 292 805 indictione,
303 789 365 800 mense
376 786 394 800 et
404 783 509 806 pontificatu
519 783 586 806 quibus
597 787 617 800 ut
626 789 688 806 supra,
698 783 815 806 presentibus
823 783 845 800 ad
852 783 886 800 hec
894 783 977 800 discretis
985 783 1027 800 viris
1033 783 1105 800 Johanne

187 817 209 834 de
221 817 280 838 Atrio,
291 817 390 834 Guillelmo
402 817 470 834 Burnel
481 820 498 834 et
511 817 602 840 Stephano
616 817 638 833 de
653 817 754 834 Cantarane
764 817 837 834 clericis
846 823 865 833 ac
879 817 961 840 Philippo
976 817 998 833 de
1010 817 1051 840 Lay‚
1065 816 1105 833 dicte

186 850 276 868 facultatis
286 850 362 871 bidello,
373 850 494 873 pluribusque
505 850 545 867 aliis
555 850 634 867 testibus
643 850 666 867 ad
676 850 709 867 hec
720 850 788 868 vocatis
798 854 817 867 et
826 851 900 873 rogatis.

233 884 256 901 Et
265 890 300 907 ego
310 884 420 901 Guillelrnus
430 884 532 907 Marpaudi,
542 886 574 901 etc.

237 933 275 945 Aah.
282 935 310 946 unt.
317 934 360 946 raris.
367 934 398 946 1131.
406 933 432 948 2641,
440 938 454 950 p.
463 934 507 945 54-56.

240 976 251 987 Ἰ-
261 976 325 992 Alphomi
331 976 352 988 1v⁴
359 983 375 985 —
382 977 393 988 2<
401 976 416 988 V*
422 980 464 992 supra
470 978 485 988 n¹²
492 976 519 988 ⁹21.

196 1056 252 1075 923.
263 1060 333 1077 uagam
339 1060 428 1078 Reginam,
438 1060 456 1074 ,ιε
465 1061 553 1078 emman,
562 1060 648 1074 „macutus
655 1060 708 1074 amm·
714 1060 791 1077 facultatis
798 1060 883 1078 mmmm,
894 1062 942 1074 contra
952 1060 1049 1074 cancellariam
1058 1060 1076 1073 aa
1082 1064 1111 1079 apa»

239 1084 305 1098 scoliaam
311 1085 359 1098 :edem
367 1085 437 1103 appellati
444 1085 541 1099 Recensenmr
547 1084 593 1103 plura
600 1087 656 1098 statuta
663 1084 744 1102 facultatis,

802 1108 837 1122 7³³7.
845 1108 904 1121 dunum-il
909 1108 921 1122 θ,
928 1107 983 1121 Parisiis*

239 1150 260 1166 In
277 1149 351 1166 nomine
368 1149 447 1170 Domini,
464 1155 522 1166 ameni
536 1149 624 1166 Noverint
641 1149 721 1166 universi
735 1149 769 1166 hoc
785 1155 862 1172 presens
876 1149 968 1172 publicum
982 1150 1109 1166 instrumentum

195 1183 295 1205 inspecturi
305 1182 354 1205 quod
364 1188 412 1199 anno
422 1182 504 1205 ejusdem
516 1182 588 1199 Domini
599 1182 696 1199 millesimo
708 1183 835 1199 trecentesimo
846 1183 938 1199 tricesimo
948 1182 1043 1199 secundum
1051 1180 1111 1199 rnorem

194 1216 276 1237 Francic,
287 1216 316 1233 die
327 1221 374 1232 noua
385 1216 453 1232 mensis
463 1216 550 1237 Januarii,
561 1216 608 1233 circa
616 1215 678 1232 horam
687 1221 811 1239 vesperarum,
820 1216 919 1233 indictione
927 1219 987 1239 quarta
995 1216 1065 1237 decima,
1073 1222 1112 1239 pon-

194 1249 272 1266 tificatus
282 1249 392 1266 sanctissimi
403 1249 421 1266 in
431 1249 505 1266 Christo
515 1249 571 1272 patris
582 1252 599 1266 et
609 1249 678 1266 domini
689 1249 758 1266 domini
772 1249 829 1266 nostri
841 1249 928 1266 Joliannis
941 1249 999 1267 divina
1010 1249 1112 1272 providentia

193 1289 238 1306 pape
248 1283 300 1300 XXII
310 1289 357 1300 anno
368 1283 431 1306 quinto
440 1283 517 1304 decimo,
529 1283 547 1300 in
558 1283 652 1306 presencia
662 1283 772 1300 venerabilis
783 1286 800 1300 et
813 1283 887 1300 discreti
897 1283 930 1300 viri
941 1283 1019 1307 magistri
1029 1283 1111 1301 Guillelrni

194 1316 216 1333 de
227 1316 310 1333 Narbona
320 1316 401 1333 doctoris
413 1316 432 1333 iu
446 1316 545 1340 theologia,
558 1316 661 1333 cancellarii
674 1316 752 1333 ecclesie
765 1316 880 1338 Parisiensis,
893 1317 964 1340 meique
977 1317 1039 1334 notarii
1053 1317 1111 1340 publici
