1273 1538
186 53 229 74 1327]
375 59 399 70 Λιι
416 59 469 71 Auno
486 59 604 71 ncezxxxv:
620 59 687 74 nsque
704 59 728 71 An
744 59 814 71 Aurum
830 59 901 71 necet.
1073 52 1106 71 299

185 98 227 115 torio
236 96 305 120 capituli
315 96 423 113 Parisiensis
433 95 517 118 predicti,
528 95 563 113 nisi
574 95 665 112 dumtaxat
675 95 764 113 bonorum
778 96 901 118 receptionem
911 99 928 113 et
939 99 993 113 tutam
1004 96 1104 113 custodiam

185 136 203 147 ac
211 129 365 152 dispensationem„
373 129 424 152 juxta
434 129 509 146 sormam
523 129 644 146 ordinationis
657 129 726 146 domini
737 134 782 151 pape
792 134 848 152 super
857 128 962 152 hujusmodi
973 129 1104 146 decedentibus

185 163 204 180 ab
213 163 291 180 intestato
301 162 396 179 confecte'⁴

223 196 308 213 Volumus
322 195 397 218 insuper
410 198 428 212 et
441 195 560 212 concedimus
574 200 608 218 per
620 199 724 218 presentes,
737 199 823 218 quantum
836 195 858 212 ad
873 195 920 212 hona
935 195 1015 212 defuncti
1031 195 1053 212 de
1068 199 1104 218 quo

184 229 238 252 agitur
252 228 273 245 ad
289 234 370 252 presens,
386 228 417 251 qui
434 228 515 245 decessit
530 228 627 246 intestatus
644 228 663 245 in
680 228 745 245 Sancto
762 228 860 245 Benedicto
875 228 951 252 prefato,
967 228 997 251 qui
1012 232 1050 245 erat
1064 231 1103 245 actu

184 262 258 283 scolaris„
269 265 285 279 et
295 262 317 279 de
327 262 381 279 choro
392 262 446 278 Beate
456 262 546 285 Virffl'nis,
556 262 606 284 quod
616 262 647 279 illa
657 262 710 283 bona,
721 268 731 278 a
741 268 856 285 quocumque
865 262 933 279 fuerint
943 265 992 285 capta
1003 268 1035 279 seu
1046 262 1103 279 levata

184 295 209 312 vel
222 298 299 316 aminota,
314 295 387 312 omnino
405 295 485 317 perfecte
502 298 520 311 et
536 295 608 318 integre
625 295 647 312 nd
664 295 724 312 locum
741 295 837 318 pristinum
854 295 982 317 restituantur3
1001 298 1018 312 et
1034 295 1061 312 eis
1076 295 1102 312 sic

184 328 264 345 restitutis
276 328 333 351 placet
344 328 403 348 uobis.
417 328 465 351 quod
479 334 526 345 unus
539 328 635 350 deputatus
648 334 657 345 a
670 329 737 351 majore
750 334 827 351 persona
839 328 912 351 capituli
925 332 968 346 tunc
980 332 1072 351 presente,
1083 331 1101 345 et

184 362 224 378 alter
238 361 329 384 deputatus
346 367 367 378 ex
384 364 433 384 parte
451 361 579 378 Universitatis
596 364 658 378 nostre
675 361 763 384 predicte,
780 361 805 378 liii
822 361 858 379 duo
878 362 911 379 soli
931 362 985 379 simul
1004 362 1026 379 de
1045 362 1098 379 honis

183 394 261 417 predictis
275 401 285 411 a
298 401 318 412 se
332 394 409 419 receptis
423 394 488 411 faciani
503 397 521 411 et
535 398 646 417 exequantur
660 395 679 411 in
694 394 779 411 omnibus
793 398 812 411 et
824 400 857 417 per
871 395 937 416 omnia,
948 395 1008 418 juxta³
1022 395 1096 412 formam

183 428 251 445 inferius
262 431 366 445 annotatam.

221 460 305 478 Volumus
322 461 373 478 etiarn
390 467 410 477 ac
426 461 559 482 consentimus,
576 464 639 478 nostro
657 464 674 478 et
691 461 819 478 Universitatis
835 464 897 478 nostre
910 461 990 482 nornine,
1008 464 1095 484 perpetuo

183 494 311 515 observandum,
325 494 372 517 quod
386 494 404 510 in
416 494 489 511 casibus
505 494 641 517 emergentibus
654 494 672 511 in
687 494 767 511 futurum
780 494 806 511 sic
818 494 926 511 observetur
938 497 955 511 et
968 494 1096 512 inviolabiliter

183 530 261 550 perpetuo
271 531 356 545 teneatur.
367 527 420 549 Quod
429 527 444 544 si
455 527 554 544 canonicus
564 531 594 545 aut
603 527 722 544 beneficiatus
733 527 751 544 in
762 527 837 544 ecclesia
848 527 952 549 Parisiensi,
965 527 994 545 vel
1006 527 1029 544 de
1040 527 1096 545 choro

183 560 256 583 ejusdem
266 560 348 582 ecclesie,
359 560 438 577 existens
449 560 525 577 scolaris
535 563 583 581 actu,
594 560 690 578 intestatus
700 560 780 577 Parisius
792 560 900 582 decesserit,
910 560 938 577 vel
951 566 1011 577 rerum
1024 566 1096 577 suarum

183 593 303 610 ordinationem
317 593 346 610 alii
360 599 446 616 expresse
458 599 495 610 non
509 593 620 610 commiserit
633 593 662 610 vel
675 593 722 614 aliis,
735 595 791 616 major
804 599 881 616 persona
894 593 954 617 ipsius
967 593 1039 616 capituli
1055 597 1097 610 tunc

183 632 257 649 presens,
266 627 294 643 vel
304 626 368 649 aliquis
379 626 475 649 deputatus
486 626 508 643 ab
518 632 544 647 ea,
555 626 586 649 qui
597 626 647 643 solus
658 630 676 643 et
686 626 704 643 in
714 626 792 643 solidum
803 626 949 649 jurisdictionem
963 630 980 644 et
992 626 1096 644 exercitium

182 659 226 676 illius
235 659 255 676 ad
265 660 359 683 capitulum
369 659 490 682 pertinentem
501 665 533 676 seu
544 659 638 682 pertinens
648 659 722 676 habebit
731 666 740 676 a
751 659 836 683 capitulo,
847 660 865 676 in
879 663 964 682 quantum
978 660 1035 683 tangit
1046 660 1096 676 illum

182 695 240 713 actum,
252 692 267 709 si
278 692 296 709 in
305 692 433 715 jurisdictione
446 692 519 715 capituli
532 692 579 709 bona
592 692 673 709 defuncti
685 692 783 715 contigerit
794 692 878 715 reperiri,
890 698 912 709 co
924 693 971 715 ipso,
983 693 1031 716 quod
1041 692 1098 716 depu-

182 729 224 743 tatus
238 725 290 742 suerit
305 731 336 743 seu
354 726 428 746 electus,
447 728 466 742 ut
483 728 512 742 est
528 725 602 747 dictum,
620 725 658 742 sive
676 726 700 742 sit
716 725 791 746 electus,
807 725 845 742 sive
861 726 964 749 deputatus,
980 729 998 743 et
1012 732 1060 743 unus
1075 726 1097 742 de

182 758 264 782 magistris
273 764 325 782 quem
339 759 361 776 ad
376 759 410 776 hoc
425 758 539 776 Universitas
552 758 663 776 ordinaverit
676 764 708 776 seu
722 758 841 782 deputaverit,
853 758 879 776 hii
891 759 927 776 duo
940 759 975 776 soli
987 759 1041 776 simul
1053 759 1099 776 reci-

182 792 245 814 pientes
258 792 315 809 omnia
327 792 373 809 bona
385 792 472 813 defuncti,
486 792 592 809 custodient
603 795 621 809 et
634 792 766 815 dispensabunt
781 795 799 809 et
812 792 924 815 sigillabunt,
938 792 1009 809 seilicet
1020 798 1098 815 persona

181 825 252 848 capituli,
265 831 317 842 causa
327 825 461 848 jurisdictionis
475 828 492 842 et
505 825 595 846 custodie,
609 831 629 841 ac
643 825 674 842 ille
687 825 781 848 magister,
797 831 850 842 causa
866 825 948 842 custodie
962 828 1036 846 tantum,
1050 825 1098 842 salva

179 858 296 881 jurisdictione
306 858 349 875 dicti
359 858 438 881 capituli,
450 858 465 875 si
476 858 495 874 in
505 863 568 875 eorum
577 858 713 881 jurisdictione,
724 861 743 875 ut
753 858 838 881 superius
848 861 875 875 est
887 864 1001 881 expressum,
1012 858 1058 875 bona
1069 858 1098 875 illa

181 891 268 914 contigerit
278 891 359 914 reperiri,
370 894 387 908 et
397 891 452 908 salvis
463 891 481 908 in
492 891 533 908 aliis
546 897 578 914 per
592 891 659 912 omnia,
669 891 766 914 utriusque
775 891 841 914 partis*
853 891 955 914 privilegiis
968 895 985 908 et
998 897 1031 908 usu
1044 891 1098 908 solito

180 924 285 945 eoruutdem3
296 927 314 941 et
323 924 384 941 eadem
395 924 442 940 bona
452 924 471 940 in
482 924 522 941 loco
533 927 571 941 tuto
582 927 599 941 et
609 924 681 947 ydoneo
691 924 811 947 deponentes,
822 927 900 941 statuant
912 927 980 941 certum
993 924 1047 945 diem,
1062 930 1097 947 quo

179 958 223 975 illius
236 957 293 974 obitus
307 958 325 974 in
337 957 393 980 patria
406 963 438 974 sua
450 957 509 974 valeat
520 957 607 978 nuntiari,
622 960 640 974 et
653 957 680 974 illi
696 957 717 974 ad
733 963 779 980 quos
793 957 883 974 bonorum
898 958 947 980 ejusu
962 961 990 974 est
1004 957 1097 974 successio

179 990 260 1013 devoluta,
274 991 343 1013 possint
355 990 435 1007 Parisius
449 990 543 1011 accedere,
555 990 584 1007 vel
597 990 688 1013 ydoneum
701 990 783 1007 nuntium
796 990 893 1007 destinare.
907 991 929 1007 Et
943 991 958 1007 si
973 991 1056 1008 venerint
1069 990 1098 1007 vel

178 1024 259 1045 miserint,
269 1024 385 1041 restituentur
395 1023 422 1040 eis
432 1023 487 1045 hona,
495 1030 536 1040 cum
546 1023 615 1041 cautela
626 1029 661 1046 que
668 1023 723 1040 suerit
730 1023 843 1045 adhibenda3
852 1023 867 1040 si
877 1029 920 1041 vero
929 1030 966 1040 non
976 1024 1098 1047 comparuerit

178 1057 242 1080 aliquis,
256 1062 276 1073 ex
287 1060 329 1073 tunc
342 1057 377 1073 duo
391 1056 490 1079 supradicti
503 1056 550 1073 bona
565 1057 605 1079 ipsa
619 1062 652 1079 pro
667 1057 726 1073 anima
740 1056 827 1078 defuncti,
843 1060 896 1079 prout
911 1057 996 1080 expedire
1011 1057 1096 1078 viderint,

178 1090 276 1113 erogabunt,
291 1090 327 1107 nisi
344 1090 405 1107 forsan
422 1096 444 1106 ex
460 1089 519 1112 aliqua
534 1090 583 1112 justa
600 1096 653 1107 causa
671 1090 733 1107 venire
749 1090 867 1112 nequiverint
881 1096 1005 1112 successores,
1022 1094 1040 1107 et
1055 1094 1097 1107 tunc

179 1123 252 1147 erogatio
264 1123 282 1139 in
293 1126 364 1146 tenipus
374 1129 476 1146 congruum
487 1123 581 1140 differatur
592 1129 596 1140 ι
607 1123 630 1140 ita
641 1126 707 1144 tamen,
718 1123 767 1146 quod
782 1129 829 1140 unus
842 1123 882 1141 sine
895 1123 930 1140 alio
941 1124 1030 1141 (lictorum
1043 1123 1097 1146 depu<

179 1159 255 1177 ntorum,
268 1159 351 1179 quantuni
364 1156 386 1173 ad
399 1156 530 1179 receptionem,
544 1156 651 1178 custodiam,
665 1159 682 1173 et
695 1156 857 1179 dispensationem,
871 1156 927 1173 nichil
941 1157 1000 1180 possit
1012 1157 1030 1173 in
1044 1156 1098 1173 dietis

177 1189 231 1211 bonis,
241 1185 275 1206 nisi
284 1189 328 1206 alter
337 1189 359 1207 ab
369 1189 425 1207 altero
436 1189 537 1212 requisitus
547 1189 619 1207 diss‘eret
628 1189 722 1207 maliciose
732 1189 761 1207 vel
771 1190 900 1212 dispendiose3
911 1190 929 1207 in
940 1196 976 1213 quo
986 1196 1036 1211 casu,
1046 1189 1098 1207 alteri

177 1228 233 1239 eorum
246 1226 300 1240 totum
310 1223 341 1246 jus
355 1226 451 1244 accrescet,
466 1226 485 1240 et
496 1222 564 1240 valebit
576 1223 595 1240 in
608 1223 687 1240 solidum
700 1223 749 1246 quod
762 1229 794 1246 per
807 1229 848 1240 euin
861 1223 926 1240 sactum
940 1223 995 1240 suerit
1007 1222 1037 1240 illa
1051 1223 1097 1245 vice,

177 1256 220 1273 salva
229 1262 297 1279 semper
303 1256 431 1279 jurisdictione
442 1256 485 1273 dicti
496 1256 577 1279 capituli,
588 1260 608 1274 ut
618 1257 703 1279 superius
714 1260 741 1274 est
751 1262 864 1280 expressum.

215 1290 252 1311 Que
262 1290 326 1311 omnia,
336 1293 421 1313 quantum
432 1290 451 1307 in
461 1290 516 1307 nobis
526 1293 560 1311 est,
572 1293 590 1307 et
599 1290 621 1307 ad
631 1296 666 1307 nos
676 1293 758 1313 spectare
769 1290 835 1313 poterit
845 1293 862 1307 et
872 1290 952 1312 debebit,
964 1293 1000 1307 rata
1011 1293 1099 1313 perpetuo

176 1328 275 1340 conservare
285 1324 412 1346 promittimus
