1273 1538
183 55 225 74 1340]
371 60 394 72 n
411 60 464 71 ,inno
481 59 598 71 nnczxxxvi
616 59 681 74 usque
698 60 722 70 m
739 59 809 71 mrum
825 59 896 71 uacet..
1067 54 1101 71 495

182 98 247 116 discreti
257 97 289 114 viri
299 97 380 120 magistri
390 96 469 113 Simonis
479 96 501 113 de
511 96 602 117 Weucli‘,
613 99 655 113 tunc
666 97 753 119 temporis
764 96 840 113 rectoris
850 95 977 113 Universitatis
988 96 1098 119 supradicte,

182 131 222 154 apud
239 130 325 148 Jacobitas
339 130 451 147 Parisienses
467 135 499 152 per
515 129 598 146 bedellos
615 135 647 146 seu
667 129 768 147 servientes
784 130 855 152 juratos
876 129 957 152 ejusdem
972 129 1100 146 Universitatis

182 164 247 184 voeatis,
258 167 274 180 et
281 163 347 180 ibidem
358 162 477 186 personaliter
487 163 610 185 congregatis,
621 166 675 186 prout
684 163 703 179 in
713 163 779 180 mlibus
790 166 818 180 est
827 162 871 179 alias
879 162 918 179 fieri
928 165 1047 179 consuetum:
1058 168 1099 179 cum

181 197 222 214 idem
236 199 293 213 rector
305 196 349 213 alias
362 196 466 213 tradidisset
483 195 501 212 in
515 195 591 218 quadam
601 196 747 219 congregacione
759 196 841 219 generali
855 195 946 219 magistris
960 195 1014 212 trium
1025 195 1099 212 faculta-

181 234 219 251 tum,
226 229 307 247 videlicet
316 229 434 250 medicorum,
449 229 563 246 decretorum
576 232 594 247 et
607 229 741 253 theologorum,
757 233 794 246 tres
810 229 884 247 cedulas
898 230 987 253 papireis,
1001 229 1020 246 in
1033 229 1099 252 quibus

181 263 242 281 cedulis
252 263 388 280 continebantur
396 263 467 280 articuli
478 266 496 280 et
506 263 570 280 modus
580 269 614 286 per
623 269 677 286 quem
690 263 812 284 detrahentes,
824 263 948 280 malefactores
958 267 976 280 et
988 263 1099 280 detractores

181 296 267 314 scolarium
285 296 402 319 bejaunorum
422 296 565 319 corrigerentur,
583 300 602 313 ut
621 296 664 313 dicti
681 296 763 320 magistri
783 296 904 319 predictarum
920 297 1024 314 facultatum
1042 296 1099 313 dictas

181 329 245 347 cedulae
252 329 369 352 corrigerent,
378 335 410 352 pro
420 329 490 346 honore
501 329 628 346 Universitatis
638 329 730 351 habendo3
742 329 809 352 quihus
819 330 889 347 cedulis
899 330 920 347 ab
929 330 998 347 eisdem
1008 330 1099 353 magistris

181 362 265 384 correctis,
275 366 293 379 ut
302 362 373 379 dicebat
382 362 429 379 idem
441 366 506 383 rector,
518 368 554 379 non
566 366 624 380 tamen
634 363 788 380 concordantibus
800 363 819 379 in
831 369 884 380 unam
897 363 1004 380 sententiam
1015 363 1101 380 similiter

181 395 232 418 quoad
245 401 306 412 omnes
320 395 406 412 articulos
422 399 518 412 contentos
534 395 552 412 in
568 395 639 413 cedulis
654 396 773 419 supradictis3
790 399 808 413 et
823 396 841 412 in
855 396 939 418 sequenti
951 396 1098 419 congregacione

180 428 258 451 generali,
268 428 351 446 videlicet
361 428 390 446 die
400 428 449 449 lune,
460 429 536 452 septima
546 429 576 446 die
584 429 653 446 mensis
660 429 760 450 Februarii,
769 432 811 452 post
820 429 968 446 Purificacionem
978 429 1033 446 Beate
1043 429 1100 446 Marie

179 462 258 485 Virffl'nis,
270 462 288 478 in
298 462 350 484 plena
361 462 506 485 congregacione
516 462 598 485 generali
608 462 656 485 apud
666 462 751 479 Sanctum
761 462 877 483 Maturinum,
888 462 932 479 hora
945 468 992 479 ncne
1006 462 1035 479 vel
1045 462 1099 484 circa,

179 495 262 519 predictus
275 498 335 512 rector
350 495 368 512 in
382 495 477 518 presencia
493 495 528 512 mei
545 495 633 512 lobannis
649 495 714 512 notarii
732 495 800 518 publici
817 495 916 518 supradicti
932 495 997 512 iterato
1012 495 1100 518 predictis

179 528 261 552 magistris
268 528 369 545 facultatum
380 528 501 551 predictarum
515 528 572 545 dictas
586 532 622 545 tres
635 528 709 546 cedulas
722 529 833 550 tradidisset,
848 529 951 551 ibidemque
966 528 1099 551 proposuisset,

179 567 195 578 se
202 561 284 578 instanter
293 561 419 584 requisivisset
428 561 487 578 dictos
497 561 602 585 magistros,
610 565 630 578 ut
639 561 730 584 predictas
740 561 814 579 cedulas
825 561 884 584 quoad
897 564 962 585 puncta
974 561 1100 578 discordancia

179 594 306 616 conccrdarent;
323 595 354 617 qui
370 595 444 618 quidem
456 595 539 618 magistri
551 594 673 618 predictarum
689 595 742 612 trium
761 595 865 612 facultatum
880 595 934 612 simul
950 595 1063 618 congregati,
1081 595 1100 612 in

179 634 224 645 unam
233 628 312 645 cedulam
322 631 368 645 totas
378 628 518 649 concordarunt,
529 631 547 645 et
556 628 621 645 dictam
632 628 714 645 cedulam
725 628 751 645 sic
761 634 794 651 per
804 628 861 645 dictas
872 631 908 645 tres
919 628 1013 645 facultates
1023 634 1100 645 concor-

179 661 228 678 datam
237 661 255 678 in
264 667 316 678 manu
326 667 365 678 mea
375 661 454 684 propria,
464 665 550 684 tanquam
559 661 577 678 in
588 667 641 678 manu
652 661 731 684 publica,
743 662 853 678 unanimiter
863 661 982 678 tradiderunt.

215 694 282 716 Quibus
292 694 317 711 sic
327 687 385 716 factis,
394 694 487 717 predictus
498 698 564 715 rector,
578 695 597 711 in
612 695 663 711 tertia
677 695 824 718 congregacione
834 695 915 718 generali
926 695 1054 718 magistrorum
1065 698 1100 711 tam

178 728 269 750 regentium
279 734 331 750 quarn
341 734 377 744 non
388 728 497 750 regentium,
508 728 531 745 de
541 734 575 750 qua
585 728 732 751 congregacione
745 727 765 744 fit
774 728 842 745 mentio
852 728 871 744 in
882 728 921 745 data
931 728 1022 751 presentis
1033 728 1101 745 instru-

177 761 231 782 menti,
241 760 323 778 videlicet
332 761 351 778 in
361 761 506 784 congregacione
518 764 581 778 octave
591 761 627 778 diei
638 761 707 778 mensis
717 761 818 782 Februarii,
829 764 871 784 post
883 761 1031 778 Purificacionem
1045 761 1100 778 Beate

177 794 225 811 Marie
234 794 319 817 Virginis,
329 797 349 811 ut
362 794 447 817 superius
461 797 490 811 est
500 795 536 817 jam
550 794 625 815 dictum,
641 794 745 817 sepedictus
760 797 820 811 rector
834 794 853 811 in
866 794 902 811 mei
914 794 1002 812 lobannis
1016 794 1100 817 predicti,

177 833 194 845 ac
208 828 301 851 supradicti
318 827 399 848 Goherti,
415 827 527 845 notariorum
541 827 664 850 publicorum,
681 831 699 844 et
716 827 788 844 testium
808 827 854 844 infra
878 828 987 850 scriptorum
1006 827 1101 850 presencia

177 861 258 884 predictos
273 861 368 884 magistros
384 860 438 878 trium
452 860 555 878 facultatum
569 861 691 883 predictarum
707 861 803 884 requisivit
817 866 850 884 per
865 867 928 878 eorum
939 861 1048 884 juramenta,
1065 864 1100 878 tam

177 894 275 917 conjunctim
290 900 342 917 quam
357 894 436 915 divisim,
451 897 470 911 ut
484 894 558 911 nomine
572 900 645 911 suarum
659 894 769 915 facultatum,
783 900 816 917 per
830 894 903 911 modum
912 894 984 917 judicii,
998 894 1060 912 statuti
1071 894 1100 911 vel

178 928 295 949 ordinacionis,
303 927 333 944 illa
343 934 378 950 que
388 928 411 944 de
419 927 475 944 verbo
486 928 508 944 atl
518 927 593 945 verbum
604 928 744 945 continebantur
754 928 772 944 in
783 928 863 950 predicta
871 928 942 949 cedula,
951 927 1005 945 michi
1015 928 1099 949 Johanni,

177 961 241 984 publico
250 961 325 981 notario,
336 961 386 983 prius
396 961 466 982 tradita,
482 964 501 978 ut
514 961 582 978 dictum
594 964 628 981 est,
642 964 660 978 et
674 961 721 978 dicta
734 961 764 978 die
776 961 846 981 martis,
858 961 876 977 in
891 967 954 978 eorum
969 961 1064 984 presencia
1080 967 1100 978 ac

177 994 292 1017 magistrorum
303 994 391 1011 facultatis
401 994 476 1015 arcium,
487 997 506 1011 et
515 994 558 1011 dicti
569 994 634 1011 notarii
643 994 713 1017 publici
723 1000 743 1011 ac
751 994 824 1011 testium
835 994 987 1017 subscriptorum,
998 1000 1032 1017 per
1042 1000 1071 1011 me
1082 994 1100 1011 in

177 1027 246 1050 predicta
259 1027 402 1050 congregacione
413 1027 465 1048 lecta,
478 1033 512 1050 pro
524 1027 594 1044 honore
607 1027 742 1048 Universitatis,
752 1028 810 1051 palam
826 1030 844 1044 et
855 1027 928 1050 publice
939 1033 958 1044 ac
974 1027 1026 1044 etiam
1038 1028 1101 1045 verbo-

177 1063 228 1082 tenus,
238 1060 375 1083 pronunciarent
385 1064 402 1077 et
412 1060 466 1077 etiam
476 1061 622 1084 promulgarent;
636 1061 717 1084 dixitque
730 1061 790 1078 dictus
804 1064 864 1078 rector
876 1061 895 1078 in
909 1061 940 1078 illo
954 1061 1028 1078 instanti
1044 1061 1101 1084 magi—

176 1094 213 1111 stris
220 1094 305 1111 facultatis
315 1094 389 1115 arcium,
397 1100 417 1111 ac
428 1100 460 1111 eos
471 1094 574 1116 requisivit,
584 1094 633 1117 quod
643 1097 728 1111 contenta
739 1094 757 1111 in
767 1094 848 1117 predicta
858 1095 928 1115 cedula,
937 1098 991 1117 prout
999 1094 1100 1115 audierant,

176 1132 203 1149 pro
212 1127 277 1144 honore
289 1127 415 1145 Universitatis
430 1127 570 1149 concordarent,
585 1133 605 1145 ac
619 1127 673 1145 etiam
687 1127 815 1151 approbarent.
831 1128 871 1150 Quo
886 1128 940 1149 facto,
954 1128 1008 1145 dictis
1023 1131 1101 1150 quatuor

175 1160 279 1178 facultatibus
288 1161 310 1178 ad
320 1163 388 1183 partem
396 1160 511 1182 substractis,
521 1164 540 1178 et
549 1161 611 1178 habita
621 1161 781 1184 perscruptacione
793 1161 886 1184 diligenti,
898 1161 963 1178 iterum
976 1160 1100 1184 congregatis,

175 1193 208 1216 ipse
217 1197 290 1216 quatuor
297 1193 390 1211 facultates
400 1200 432 1211 seu
443 1194 525 1217 magistri
540 1194 644 1211 earumdem
657 1195 748 1216 dixerunt,
764 1201 784 1211 ac
796 1195 849 1211 etiam
864 1195 980 1212 concorditer
991 1194 1101 1217 pronuncia-

174 1230 231 1244 verunt
246 1227 292 1250 quod
308 1227 393 1244 volebant
408 1231 426 1244 et
445 1227 587 1248 concordabant,
606 1227 655 1251 quod
670 1228 730 1244 omnia
749 1228 768 1245 in
784 1228 866 1251 predicta
882 1228 947 1245 cedula
964 1230 1050 1244 contenta
1068 1233 1101 1251 per

175 1260 238 1277 modurn
253 1260 373 1277 ordinacionis
389 1261 474 1278 decetero
489 1264 601 1282 tenerentur,
618 1261 652 1278 hoc
668 1264 736 1278 tantum
751 1264 834 1285 excepto,
850 1261 898 1285 quod
913 1261 941 1278 vir
958 1260 1069 1278 venerabilis
1084 1265 1102 1278 et

174 1293 255 1310 discretus
264 1294 349 1318 magister
359 1294 457 1312 Nicholaus
467 1295 490 1312 de
500 1294 599 1316 Hamello',
610 1295 675 1312 doctor
684 1295 704 1312 iu
712 1295 799 1316 decretis,
810 1295 841 1318 qui
849 1301 885 1312 non
893 1295 952 1312 fuerat
959 1294 978 1311 in
987 1295 1101 1312 correctione

174 1326 245 1349 predicte
256 1327 326 1348 cedule,
340 1330 360 1345 ut
373 1327 451 1349 dicebat,
466 1328 540 1345 nomine
553 1334 586 1345 sue
598 1328 690 1345 facultatis
704 1328 827 1350 decretorum,
842 1329 869 1346 sic
883 1328 934 1350 dixit,
948 1328 997 1352 quod
1010 1334 1049 1346 non
1064 1332 1103 1346 erat
