1273 1538
176 42 209 59 506
466 46 625 58 anan-ruzziam„
642 46 738 58 uurvens.
755 46 820 58 ruis.
1053 39 1098 58 [1340

179 84 256 106 quisque
266 87 345 105 tenetur,
355 87 373 101 et
382 84 428 101 viam
439 77 543 101 omnimode
553 84 574 101 ad
585 90 617 101 eos
628 83 743 106 precludere,
753 84 830 100 maxime
840 90 880 100 cum
891 90 912 100 ex
925 83 960 100 hiis
970 83 1026 106 possit
1035 82 1097 106 agnitio

179 117 260 134 veritatis
270 117 363 134 occultari.
376 118 444 134 Verum
460 117 502 140 quia
517 117 539 134 ad
553 120 632 134 nostram
646 117 717 134 noviter
727 117 830 139 pervenerit
840 117 927 138 notitiam,
937 116 984 139 quod
995 115 1073 134 nonnulli
1082 116 1098 133 in

179 153 240 167 nostra
251 150 315 167 artium
328 150 411 167 facultate
424 150 536 172 quorundam
550 150 621 167 astutiis
634 150 743 173 perniciosis
756 149 871 171 adherentes,
884 150 952 167 fundati
964 155 999 166 non
1011 155 1062 172 supra
1071 149 1098 166 fir—

178 189 225 200 mam
233 187 309 206 petram,
317 184 412 206 cupientes
423 183 463 206 plus
473 189 537 206 sapere
547 189 600 205 quam
611 186 699 206 oporteat,
710 183 786 206 quedam
799 183 858 200 minus
868 189 910 200 sana
920 183 1000 200 nituntur
1009 183 1097 204 seminare,v

178 223 201 233 ex
210 216 277 239 quibus
285 222 357 233 errores
364 216 490 233 intolerabiles
498 216 563 233 nedum
572 216 619 233 cirea
629 215 769 240 philosophiam,
778 216 810 233 sed
822 219 840 233 et
849 217 896 233 circa
906 216 982 233 divinam
990 216 1096 239 Scripturam‚

179 252 255 273 possent
264 250 371 273 contingere
381 249 400 266 in
410 250 500 266 futurum:
514 249 557 267 hinc
568 253 602 271 est,
619 249 668 273 quod
680 249 722 267 huie
734 249 798 267 morbo
814 253 848 267 tam
863 249 949 273 pestifero
964 249 1059 267 remediare
1070 256 1098 267 eu-

179 283 250 305 pientes
260 288 323 299 eorum
333 282 449 300 fundamenta
455 282 547 306 prophana
555 286 572 300 et
579 289 657 304 errores,
664 286 719 306 prout
726 283 824 306 potuimus,
831 282 945 306 collegimus,
955 286 1050 300 statuentes
1056 283 1098 300 eirca

178 316 208 333 illa
219 321 251 338 per
260 315 309 332 hune
319 316 404 333 modum:

222 348 313 366 Videlicet
320 349 369 371 quod
380 349 425 366 nulli
435 349 524 373 magistri.
535 349 636 371 baecalarii,
646 349 676 367 vel
686 349 766 367 scolares
776 350 795 367 in
805 350 868 367 artium
879 349 962 367 facultate
969 350 1048 373 legentes
1055 350 1098 367 Pari-

178 382 217 399 sius
230 382 308 399 audeant
320 382 397 406 aliquam
410 383 554 406 propositionem
567 383 654 400 famosam
667 383 718 400 illius
731 383 798 400 actoris
814 383 866 406 eujus
880 383 946 400 librum
962 383 1029 406 legunt,
1044 383 1098 401 dicere

179 416 286 439 simpliciter
299 422 341 433 esse
355 416 425 438 salsam,
438 416 467 433 vel
482 422 523 434 esse
535 416 598 433 falsam
613 416 635 433 de
650 417 717 433 virtute
730 416 827 437 sermonis,
843 417 857 433 si
872 416 982 433 crediderint
996 416 1042 439 quod
1055 420 1098 434 actor

178 449 263 472 ponendo
273 449 321 466 illam
332 449 416 467 habuerit
426 456 489 467 verum
498 449 619 470 intellectum3
630 450 663 467 sed
674 449 702 467 vel
712 450 812 467 concedant
822 456 867 471 eam,
877 450 906 467 vel
914 456 987 467 sensum
995 456 1053 467 verum
1060 450 1099 467 divi-

178 483 222 500 dant
230 489 239 500 a
250 489 306 501 sensu
316 483 368 504 falso,
376 484 417 506 quia
427 484 465 506 pari
474 483 543 501 ratione
551 484 687 507 propositiones
699 483 758 500 Biblie
766 483 849 501 absoluto
857 489 941 500 sermone
948 486 1008 501 essent
1017 484 1098 507 negando,

178 516 227 539 quod
238 519 266 534 est
275 517 405 540 periculosum.
419 518 441 534 Et
451 517 493 539 quia
503 523 563 534 sermo
574 523 611 534 non
618 517 673 534 hahet
682 517 774 538 virtutem,
784 517 820 534 nisi
830 523 852 533 ex
861 517 977 539 impositione
987 520 1004 534 et
1014 523 1046 534 usu
1056 523 1099 534 eom-

177 550 227 567 muni
238 553 318 567 aetorum
328 551 357 567 vel
368 549 451 571 aliorum,
462 550 504 567 ideo
514 550 556 567 talis
566 553 594 567 est
603 550 661 567 virtus
674 550 771 571 sermonis,
783 550 860 573 qualiter
874 556 896 567 eo
909 553 979 567 actores
989 551 1099 567 communiter

178 587 253 601 utuntur
263 587 282 601 et
291 583 362 606 qualem
373 583 429 607 exigit
439 583 520 605 materia,
531 590 571 600 cum
582 589 676 600 sermones
687 584 724 600 sint
731 583 832 606 recipiendi
840 590 897 607 penes
905 584 994 601 materiam
1002 583 1098 606 subjectam.

223 618 274 638 Item,
285 617 334 640 quod
344 616 406 634 nullus
416 617 464 634 dicat
473 617 582 639 simpliciter
590 617 620 634 vel
628 617 650 634 de
658 617 724 634 virtute
735 617 826 634 sermonis
837 623 908 634 omnem
918 617 1055 640 propositionem
1063 623 1100 634 esse

175 650 245 671 salsam,
253 656 288 673 que
296 653 346 667 esset
355 650 399 667 salsa
409 650 509 667 secundum
519 650 664 673 suppositionem
673 650 787 673 personalem
795 650 920 672 terminorum⁷
930 656 951 667 eo
959 650 1007 673 quod
1015 650 1047 667 iste
1055 656 1100 667 error

176 684 227 701 ducit
236 683 257 700 ad
268 683 349 706 priorem
358 689 446 705 errorem,
458 686 529 700 actores
539 684 587 700 enim
598 689 641 706 sepe
653 683 728 700 utuntur
738 683 778 700 aliis
789 683 953 707 suppositionibus.

221 717 272 738 item,
283 716 332 740 quod
343 716 405 733 nullus
415 716 463 734 dicat
472 717 521 739 quod
531 717 581 734 nulla
593 717 695 740 propositio
706 717 730 733 sit
739 717 876 740 distinguenda,
889 717 972 740 quoniam
984 717 1017 734 hoc
1027 717 1073 734 ducit
1080 717 1100 734 ad

177 750 270 773 predictos
280 756 359 771 errores,
371 750 413 773 quia
426 750 441 767 si
454 750 556 774 discipulus
569 756 624 767 unum
634 750 767 774 propositionis
780 756 854 767 sensum
867 750 937 774 recipit,
951 753 969 767 et
979 750 1040 767 doctor
1052 750 1099 767 alium

175 784 294 805 intellexerit,
305 783 407 807 discipulus
415 784 460 801 salso
471 784 605 805 informabitur,
616 784 675 801 donec
686 784 787 807 propositio
798 784 926 807 distinguetur.
938 783 1022 801 Similiter
1028 784 1042 801 si
1052 790 1099 807 oppo-

176 823 223 834 nens
233 824 288 834 unum
301 823 376 834 sensum
390 817 471 840 recipiat,
485 820 503 834 et
515 817 629 840 respondens
642 817 719 834 alterum
732 823 806 834 sensum
820 817 916 840 intelligat,
929 817 1025 841 disputatio
1037 817 1069 834 erit
1080 818 1100 835 ad

177 856 244 868 nomen
253 854 329 871 tantum,
341 850 356 867 si
367 856 404 867 non
414 850 445 868 fiat
451 850 551 867 distinctio.

222 884 274 905 ltem,
284 884 334 906 quod
344 883 406 901 nullus
418 884 466 901 dicat
479 884 623 907 propositionem
635 883 704 901 nullam
718 890 759 901 esse
771 884 912 905 concedendam,
926 884 941 901 si
951 890 987 901 non
998 884 1021 901 sit
1033 890 1071 901 vera
1084 884 1099 901 in

177 917 218 940 ejus
226 923 281 934 sensu
291 917 373 940 proprio,
384 917 426 940 quia
436 917 470 934 hoe
481 917 542 934 dicere
550 917 600 934 ducit
609 917 632 934 ad
642 917 734 940 predictos
745 923 824 939 errores,
835 917 877 940 quia
887 917 944 934 Biblin
959 920 976 934 et
988 920 1054 934 actores
1067 923 1099 934 non

178 956 250 973 semper
263 951 381 968 sermonibus
393 954 469 968 utuntur
485 950 585 968 secundum
596 951 682 974 proprios
694 956 761 968 sensus
776 956 845 968 eorum>
861 951 919 974 Magis
935 951 989 974 igitur
1002 953 1068 974 oportet
1083 950 1099 968 in

177 984 282 1001 affirmando
291 984 321 1001 vel
332 984 417 1007 negando
428 990 523 1001 sermones
531 984 553 1001 ad
564 984 656 1001 materiam
666 984 766 1007 subjectam
777 984 877 1005 attendere,
888 990 940 1007 quarn
951 984 973 1001 ad
983 984 1099 1007 proprietatem

177 1017 275 1038 sermonis,
286 1017 384 1040 disputatio
396 1024 473 1041 namque
483 1017 505 1034 ad
516 1018 644 1041 proprietatem
655 1018 746 1035 sermonis
755 1018 851 1035 attendens
861 1017 927 1034 nullam
939 1017 1026 1040 recipiens
1039 1023 1100 1041 propo-

178 1052 270 1074 sitionem⁷
286 1056 402 1076 preterquam
416 1053 435 1070 in
449 1059 506 1070 sensu
516 1053 597 1076 proprio,
610 1059 647 1070 non
660 1057 688 1070 est
698 1053 734 1070 nisi
747 1053 845 1076 sophistica
859 1053 963 1076 disputatio.
974 1053 1100 1076 Disputationes

178 1085 276 1109 dyalectice
291 1089 309 1103 et
325 1086 443 1108 doctrinales,
457 1092 493 1109 que
504 1086 526 1103 ad
539 1086 677 1109 inquisitionem
690 1087 771 1104 veritatis
785 1087 888 1108 intendunt,
902 1086 989 1103 modicam
1005 1086 1067 1103 habent
1080 1086 1100 1103 de

178 1119 284 1136 nominibus
293 1119 443 1136 sollicitudinem.

223 1153 274 1174 item,
285 1152 334 1175 quod
342 1152 404 1169 nullus
414 1152 461 1169 dicat
468 1153 562 1170 seientiam
569 1153 637 1170 nullam
646 1159 688 1170 esse
698 1153 720 1170 de
732 1153 786 1170 rebus
797 1159 832 1175 que
840 1159 876 1170 non
886 1156 929 1170 sunt
935 1153 992 1176 signa,
1001 1153 1019 1170 id
1026 1156 1058 1174 est,
1067 1159 1099 1176 que

178 1192 215 1203 non
226 1189 269 1203 sunt
278 1186 350 1203 termini
360 1186 390 1203 vel
400 1186 499 1207 orationes,
510 1186 594 1208 quoniam
605 1186 624 1203 in
634 1186 717 1203 scientiis
727 1186 795 1203 utimur
805 1186 887 1203 terminis
897 1192 930 1209 pro
939 1186 999 1207 rebus,
1012 1192 1054 1209 quas
1064 1192 1100 1209 por-

178 1223 216 1237 tare
226 1226 263 1237 non
274 1225 373 1243 possumus
383 1219 405 1236 ad
415 1219 555 1242 disputationes.
567 1219 610 1237 ldeo
621 1219 715 1237 seientiam
724 1219 813 1237 habemus
823 1220 845 1237 de
858 1220 919 1241 rebus,
933 1220 975 1237 lieet
988 1219 1100 1237 mediantibus

178 1253 261 1271 terminis
271 1253 300 1271 vel
310 1253 430 1270 orationihus.

224 1288 275 1309 Item,
286 1287 335 1310 quod
346 1287 408 1304 nullus
418 1290 488 1304 asserat
497 1287 566 1310 absque
576 1287 694 1304 distinetione
703 1287 733 1305 vel
742 1287 862 1310 expositione„
873 1287 921 1310 quod
932 1288 1012 1305 Socrates
1022 1291 1038 1305 et
1048 1287 1099 1309 Plato,

178 1321 207 1338 vel
218 1322 267 1338 Deus
277 1324 294 1338 et
304 1324 386 1338 ereatura
396 1319 452 1338 nichil
463 1321 521 1342 κῆαι-η’,
533 1321 618 1343 quoniam
627 1320 658 1337 illa
668 1321 723 1338 verba
733 1320 789 1344 prima
800 1321 845 1338 facie
855 1321 900 1338 male
910 1314 979 1342 sonant.
989 1324 1005 1338 et
1014 1321 1054 1343 quia
1063 1321 1099 1337 talis

239 1350 260 1362 ω,
