1273 1538
188 43 231 63 1329]
374 49 396 60 Au
413 49 466 60 anno
483 48 600 60 nccmcxxvr
618 48 683 63 usqum
700 48 724 59 An
741 48 810 59 annun
827 48 897 59 mccci„
1066 41 1098 58 331

187 99 236 118 896.
246 104 313 117 Mamm:
321 104 362 117 xxu
366 104 434 121 magistro
443 102 517 116 ouitzetmo
525 102 596 116 amaran
603 107 628 115 m
636 102 654 116 ae
661 101 730 115 Narbona
737 101 839 114 maumam
847 101 893 114 Par-is.
901 102 960 118 confert,

736 145 773 160 1329.
781 144 860 162 Septembri:
868 145 885 160 15,
893 145 957 158 Anulum.

224 187 289 204 Dilecto
299 187 335 204 filio
345 186 430 209 magistro
440 186 539 203 Guittelmo
549 186 643 207 Bet-nardi,
653 185 760 203 cancellario
768 185 844 203 ecclesie
852 185 967 206 Parisiensis⁷
975 191 1025 202 sacre
1034 184 1098 208 pagine

186 220 282 244 professori,
293 220 372 240 salutem,
383 222 414 237 etc.
425 219 531 242 Apostolice
546 219 596 236 sedis
611 222 697 236 consueta
712 218 815 242 benignitas
825 218 922 242 diligenter
933 218 1027 236 attendens
1037 218 1099 235 condi-

186 254 238 271 tiones
253 257 270 270 et
284 253 345 270 merita
361 252 474 276 singulorum
491 253 514 270 ad
528 252 570 270 illos
585 252 663 270 libenter
680 252 770 270 dexteram
789 259 821 270 sne
838 252 950 270 liberalitatis
970 252 1049 270 extendit
1068 252 1099 275 qui

186 292 246 304 ntorum
256 286 346 303 honestate
356 286 455 303 litterarum
465 286 540 303 scientia
551 286 616 309 prediti
627 290 645 303 et
655 286 695 303 aliis
705 286 790 304 virtutum
801 286 855 310 adjuti
867 286 935 304 meritis
950 293 970 304 se
983 286 1021 304 sore
1032 286 1098 310 dignos

185 320 234 343 gratia
246 323 371 343 representant.
387 320 430 337 Cum
447 320 507 343 itaque
522 320 600 337 officium
614 320 721 337 cancellarie
738 320 815 338 ecclesie
829 321 944 341 Parisiensis,
959 321 1007 344 qnod
1023 321 1100 338 dilectus

186 354 228 371 {ilius
236 353 323 370 Johannes
331 354 352 370 de
361 353 426 373 Blesis,
434 353 477 370 olim
488 353 607 370 cancellarius
617 354 699 376 ejusdcm
710 354 794 373 ecclesie,
805 354 823 371 in
831 354 870 377 ipsa
878 354 954 371 ecclesia
962 358 1005 372 tunc
1013 354 1100 377 temporis

186 386 274 407 obtinebat,
285 393 315 409 per
325 387 398 403 liberam
409 387 550 410 resignationem
562 387 685 410 procuratoris
696 387 753 410 ipsius
763 387 850 404 Johannis
859 387 881 404 ad
891 387 925 405 hoc
939 388 1016 410 speciale
1029 388 1102 405 manda-

185 424 216 437 tum
228 419 306 436 habentis
318 420 363 443 apud
373 419 434 436 sedem
448 420 566 443 apostolicam
581 420 599 437 in
613 420 697 437 manibus
710 420 817 437 dilectorum
833 420 910 437 filiorum
924 424 1027 438 nostrorum
1042 421 1101 438 Petri'

185 453 207 470 tit.
218 453 272 470 Sancti
281 453 351 470 'Martini
360 453 378 469 in
388 453 481 470 Montibus
491 456 510 470 et
519 453 567 470 Petri
578 453 604 470 tit.
616 454 676 470 Sancti
687 454 771 476 Stephani
782 454 800 470 in
814 453 864 471 Celio
876 454 943 474 Monte,
954 454 1101 477 presbyterorum

184 486 297 507 cardinalium,
307 489 370 509 sponte
380 485 455 503 saetam¹
466 490 484 503 et
493 486 515 503 ah
525 486 594 503 eisdem
605 486 728 504 cardinalibus
738 487 761 504 de
771 487 854 504 mandato
864 490 927 503 nostro
937 487 964 504 eis
974 487 1019 504 sacto
1028 487 1101 504 oraculo

184 519 218 536 vive
233 519 279 536 vocis
295 519 396 540 admissam,
413 520 460 543 apud
478 520 552 536 eandem
570 520 632 537 sedem
650 526 712 537 vacare
730 523 815 537 noscatur
828 520 849 537 ad
864 526 947 543 presens=
958 520 980 536 de
993 526 1029 543 quo
1040 520 1101 538 nullus

183 556 237 576 preter
249 558 281 569 nos
293 552 325 569 hac
339 553 376 569 vice
392 553 490 576 disponere
503 556 569 576 potest,
581 559 614 576 pro
628 559 649 570 eo
663 553 711 576 quod
726 559 759 570 nos
774 554 804 570 diu
820 557 859 570 ante
874 553 984 570 vacationem
998 553 1101 576 hujusmodi

183 586 235 603 onmia
246 586 301 602 officia
312 589 406 608 ceteraque
419 586 507 603 beneficia
521 586 643 603 ecclesiastica
655 590 697 604 tunc
707 587 754 609 apud
765 587 829 604 dictam
843 586 904 603 sedem
919 586 999 603 vacantia
1013 589 1031 603 et
1044 587 1101 609 impo-

182 623 242 637 sterum
258 622 337 636 vacatura
351 619 442 637 collationi
459 623 477 637 et
494 619 610 643 dispositioni
629 623 690 637 nostre
706 624 724 637 et
742 620 792 637 sedis
807 620 889 643 ejusdem
904 619 988 637 duximus
999 619 1102 643 specialiter

182 653 285 674 reservanda,
296 653 409 670 decernendo
420 657 485 670 extunc
495 653 565 670 irritum
576 656 594 670 et
603 653 657 670 inane
667 653 682 670 si
693 659 746 670 secus
757 660 812 676 super
822 653 856 670 hiis
867 659 876 670 a
886 659 976 676 quoquam
987 653 1049 676 quavis
1060 659 1102 670 aue-

182 687 244 703 toritate
254 686 330 703 scienter
339 686 366 703 vel
376 686 482 709 ignoranter
492 686 607 709 contingeret
621 687 723 709 attemptari
736 693 740 703 z
756 692 789 704 nos
803 686 885 704 volentes
898 692 994 709 personam
1011 689 1059 703 tuam
1077 686 1099 703 de

182 719 270 736 litterarum
284 720 356 736 scientia
371 720 406 737 vite
420 726 440 737 ac
455 726 524 737 morum
535 719 630 737 honestate
642 720 718 742 aliisque
734 720 859 743 multiplicium
873 719 958 737 virtutum
974 720 1042 736 meritis
1053 720 1100 742 apud

182 759 211 770 nos
219 753 307 776 fidedigno
317 753 419 771 testimonio
431 753 575 770 commendatam
590 753 651 770 favore
665 753 751 776 prosequi
766 753 847 776 gratioso
861 756 916 776 teque
930 753 949 770 in
963 752 1009 770 dicta
1024 752 1101 770 eeclesia

182 786 275 807 l’arisiensiy
285 787 302 803 in
312 792 346 809 qua
356 787 418 804 existis
428 787 533 807 canonicus,
548 786 626 810 amplius
640 786 737 806 honorare,
749 786 827 803 osticium
838 786 944 803 cancellarie
958 786 1059 809 predictum
1074 786 1100 803 sic

181 826 238 837 vacans
247 826 284 837 cum
295 820 377 837 omnibus
384 819 459 842 juribus
469 823 487 837 et
499 819 615 843 pertinentiis
630 820 669 837 suis
684 823 733 836 motu
748 819 828 843 proprio,
841 825 878 836 non
888 819 909 836 ad
920 823 967 836 tuam
982 819 1010 836 vel
1024 819 1099 836 alterius

181 859 209 877 pro
220 857 236 870 te
248 853 298 870 nohis
311 853 369 870 oblate
382 853 475 876 petitionis
488 853 598 874 instantiamv
612 853 644 870 sed
657 853 679 870 de
694 859 743 870 mera
756 856 817 870 nostra
830 852 937 870 liberalitate
954 852 1052 876 apostolica
1067 852 1099 870 tibi

180 887 274 904 auctoritate
284 887 392 903 conserimus
402 890 419 903 et
429 887 452 903 <le
462 886 495 903 illo
506 887 557 903 etiam
568 886 693 909 providemus,
704 886 824 903 decernentes
835 889 888 909 prout
898 890 925 903 est
938 887 1007 903 irritum
1018 890 1036 903 et
1046 886 1098 903 inane

180 920 193 936 si
204 926 252 937 secus
264 925 316 943 super
331 920 365 937 hiis
377 926 386 936 a
401 925 492 942 quoquam
509 920 573 943 quavis
590 920 695 937 auctoritate
712 920 792 936 scienter
809 919 836 936 vel
854 920 959 942 ignoranter
975 923 1098 943 attemptatum

179 953 232 970 forsan
242 956 267 970 est
276 953 361 970 hactenus
371 953 399 970 rel
412 953 530 975 imposterum
545 953 639 976 contingat
652 953 760 975 attemptariv
774 958 811 970 non
828 952 939 970 obstantem,
959 953 1043 970 Ceterum
1057 959 1097 970 cum

180 987 195 1003 in
203 986 272 1004 ecclesia
282 986 393 1004 Narbonensi
403 986 528 1003 canonicatum
543 990 560 1003 et
573 987 685 1009 prebendam
700 986 772 1003 obtines
789 986 927 1009 magistralem&
943 986 971 1003 cui
986 986 1062 1003 eeclesia
1076 986 1098 1003 de

179 1020 399 1043 Bisanograncolheriarum
412 1020 538 1037 Narbonensis
550 1020 638 1042 diocesis,
651 1020 703 1043 cujus
718 1026 761 1037 cura
777 1026 809 1043 per
827 1023 934 1043 perpetuum
949 1020 1034 1037 vicarium
1050 1026 1099 1037 exer-

177 1057 227 1075 cetur,
239 1057 265 1070 est
278 1059 351 1073 annexa,
365 1053 449 1070 volumus
463 1053 513 1076 qnod
526 1054 660 1076 quamprimum
676 1053 759 1076 ejusdem
773 1053 827 1070 officii
843 1053 949 1070 cancellarie
962 1054 1099 1077 possessionem

177 1086 258 1109 pacificam
274 1086 329 1103 fueris
343 1090 437 1104 assecutus
452 1086 512 1104 dictos
528 1087 654 1104 canonicatum
668 1090 686 1104 et
700 1086 811 1109 prehendam
827 1087 948 1110 magistralem
969 1093 1014 1110 quos
1033 1091 1099 1104 extunc

177 1126 231 1137 vacare
240 1119 351 1137 decernimus
361 1120 435 1137 omnino
446 1119 537 1137 dimittere
548 1120 634 1137 tenearis*
644 1121 713 1137 Tecum
722 1124 781 1137 tamen
790 1120 838 1143 quod
849 1121 934 1143 prefatam
945 1120 1040 1138 ecclesiam
1051 1121 1098 1137 dicte

176 1153 259 1176 prebende
274 1153 369 1175 magistrali
384 1159 479 1174 annexam,
497 1157 516 1170 ut
533 1154 640 1176 predicitur,
659 1159 756 1176 quousque
770 1154 793 1171 de
808 1153 897 1171 beneficio
912 1154 1036 1171 ecclesiastico
1050 1154 1098 1171 dicte

176 1186 245 1203 ecclesie
253 1186 274 1203 de
284 1187 516 1210 Bisanograucolheriarum
524 1187 635 1210 equivalenti
646 1192 678 1210 per
689 1193 723 1204 nos
734 1187 766 1204 tibi
774 1187 867 1210 provisum
877 1187 938 1208 suerit,
950 1193 1025 1204 unacum
1037 1193 1099 1210 parro-

176 1220 223 1236 chiali
240 1220 313 1237 ecclesia
323 1220 351 1243 ,de
363 1220 490 1242 Trulliarihus,
506 1221 558 1243 cujus
574 1221 638 1238 existis
656 1224 722 1242 rector,
736 1221 784 1238 dicte
799 1221 885 1240 diocesis,
903 1227 922 1238 ac
941 1221 1021 1243 predicto
1039 1221 1097 1238 officio

176 1253 272 1270 cancellarie
282 1253 330 1276 quod
340 1253 458 1270 residenciam
473 1254 529 1277 exigit
543 1254 659 1276 personalem
674 1254 723 1271 licite
735 1254 795 1272 valeas
807 1254 886 1271 retinere
889 1267 922 1271 .....
925 1267 929 1275 ‚
945 1257 993 1271 motu
1006 1254 1061 1271 simili
1074 1255 1097 1272 de

176 1286 241 1309 speciali
249 1286 304 1309 gratia
314 1286 440 1310 dispensamus
443 1301 475 1304 .....
487 1287 562 1304 Proviso
573 1288 622 1310 qnod
636 1288 707 1305 interim
720 1288 743 1305 de
757 1288 991 1311 Bisanograncollieriarum
1004 1291 1021 1305 et
1036 1295 1098 1311 parro-

175 1319 231 1337 chialis
240 1319 313 1337 ecclesie
321 1323 338 1336 et
348 1320 454 1338 cancellarie
464 1321 543 1338 officium
554 1321 658 1343 supradicta
668 1320 736 1338 debitis
749 1327 785 1338 non
798 1321 904 1338 fraudentur
914 1321 1015 1344 obsequiis,
1029 1325 1044 1338 et
1059 1322 1098 1339 ani-
