1273 1538
176 56 209 72 484
464 61 622 73 ει-ιΑιιτυιΑιιιυιι
639 61 731 73 umvaus.
749 61 813 73 iuius.
1049 54 1092 73 [1339

177 97 265 114 scolarem
275 97 352 120 aliquem
364 97 471 120 cognoverit
480 103 512 114 seu
522 97 611 115 audiverit
624 98 708 115 decetero
721 97 743 114 de
757 98 831 119 talibus,
844 102 863 115 ut
875 98 989 120 premittitur,
1001 98 1029 115 vel
1040 97 1093 114 cousi—

178 130 253 147 milibus
262 136 295 153 per
305 136 339 153 que
350 134 413 153 posset
421 130 480 154 ipsius
490 130 535 147 sama
545 130 620 147 Ordinis
630 130 755 148 verisimiliter
768 130 860 154 denigrari
872 134 901 147 aut
914 131 1015 147 scandalum
1027 130 1092 153 aliquod

178 164 265 185 suboriri,
278 163 386 186 culpabilem
399 163 428 180 vel
439 163 549 180 diffamatum
559 163 662 180 notabiliter
676 163 704 180 vel
717 167 828 186 suspectum,
842 169 882 180 cum
896 164 977 186 magistri
990 163 1065 186 regentis
1078 167 1093 180 et

178 196 316 214 bncallariorum
330 196 407 213 consilio
421 196 481 219 ipsum
495 196 516 213 ad
526 196 619 219 proprium
633 196 763 213 monasterium
777 196 861 213 celeriter
875 202 911 213 non
924 196 993 213 differat
1004 196 1092 217 destinare,

179 235 250 246 caiisam
261 230 376 246 remissionis
385 229 443 251 ipsius
453 229 512 246 abbati
523 229 562 246 sine
573 229 676 252 palliatione
686 235 799 252 quacumque
809 235 842 252 per
851 229 920 246 litteras
929 229 1048 251 exprimendo⁴
1061 230 1092 246 Nee

179 266 237 279 tamen
248 265 340 285 presumat
349 262 443 285 quisquam
454 262 510 279 abbas
522 262 581 279 taliter
591 262 687 279 remissum
697 263 719 279 ad
729 262 803 285 aliquod
813 262 891 279 officium
902 262 984 279 decetero
998 262 1035 279 siue
1044 268 1093 285 gene-

178 295 222 312 ralis
232 295 310 318 Capituli
320 295 392 312 licentia
403 301 516 317 promovere,
527 295 613 318 quinymo
622 295 683 317 ipsum
693 301 725 318 per
737 295 897 312 incarcerationem
910 295 939 312 vel
948 294 991 311 alias
1003 295 1092 312 secuudum

178 327 237 350 ipsius
246 327 333 344 demerita
343 327 403 344 taliter
412 328 474 350 puniat
484 328 534 351 quod
543 328 599 344 ceteri
609 328 673 344 merito
684 331 791 345 terreantur.

223 360 274 381 item,
286 360 404 381 insolencias,
416 360 548 377 dissolutiones
561 364 578 377 et
591 360 679 377 novitates
690 360 781 377 indebitas
796 360 815 377 in
828 360 920 382 aliquibus
935 360 1066 377 solennitatibus
1077 360 1093 377 in

178 392 243 409 Sancto
254 393 346 409 Bernardo
356 399 366 409 a
376 393 454 415 singulis
464 393 568 410 nationibus
578 393 596 409 in
607 393 696 413 serviciis,
704 393 723 409 in
731 392 881 413 comestionibus,
890 392 944 413 ludis,
953 392 1049 415 ineptisque
1056 399 1093 410 con-

178 425 275 442 venticulis
284 425 320 442 hiis
330 425 442 448 temporibus
456 425 495 442 sieri
509 426 609 446 consuet-is,
619 428 693 447 propter
707 431 742 448 que
756 425 832 442 maxima
844 425 941 448 insurgunt
953 428 970 442 et
982 425 1093 442 verisimiliter

178 461 256 480 possunt
265 458 362 480 insurgere
376 458 501 475 discriminum
515 458 601 480 pericula,
616 458 708 475 enervatio
718 458 793 474 Ordinis
807 457 909 480 disciplina,
924 458 1024 480 bonumque
1036 464 1093 475 nomen

178 493 195 507 et
205 490 297 513 profectus
308 491 419 507 studentium
430 491 523 511 minuitur,
534 491 620 507 uborrens
630 494 648 507 et
658 490 751 507 detestans
760 490 864 512 Capitulum
872 490 956 513 generale
966 490 1008 507 istas
1016 491 1094 507 novitates

178 528 197 547 ac
208 523 339 540 dissolutiones
349 523 434 540 decetero
446 523 486 539 sieri
499 523 583 546 prohibet
592 523 610 539 in
623 523 671 539 dicto
682 523 743 543 studio
755 522 773 539 in
783 523 873 544 futurum;
888 523 994 545 quicumque
1008 528 1048 539 vero
1059 529 1095 546 pre-

178 555 233 572 missa
243 555 388 577 presumpserint
398 555 482 572 decetero
492 558 604 578 attemptare,
615 561 624 572 a
634 555 683 572 dicto
693 555 754 572 studio
764 555 843 572 totaliter
856 555 975 578 expellentur,
989 561 1021 572 nec
1034 555 1093 572 eisdem

178 588 200 604 de
211 588 312 604 communis
322 587 378 604 hurse
389 587 489 604 substantia
498 588 567 610 aliquid
577 587 654 604 ulterius
664 588 784 604 ministretur.

223 621 274 641 Item,
285 620 360 637 eandem
372 626 434 643 penam
445 620 547 637 sustineant
557 620 661 643 quicunque
672 620 690 636 in
700 620 809 643 quibusdam
819 621 954 641 festivitatibus,
965 621 982 637 in
992 620 1062 637 canteris
1070 621 1095 637 vel

176 653 227 673 alibi,
237 653 256 669 in
266 653 315 669 dicto
325 653 386 669 studio
396 653 460 669 ludere
470 658 503 669 seu
513 653 557 669 alias
567 653 669 670 inordinate
681 659 700 670 se
711 653 778 670 habere
788 659 820 670 seu
831 659 894 670 coreas
904 659 936 676 per
946 653 1003 670 curias
1012 653 1039 670 vel
1046 653 1095 676 jardi-

178 691 212 702 nos
221 691 261 702 eum
274 685 401 702 instrumentis
416 685 534 702 musicalibus
549 685 622 706 ducere,
636 689 666 702 aut
681 691 721 702 cum
736 686 790 703 larvis
804 686 833 703 vel
847 686 908 707 armis,
924 686 1028 709 quandoque
1041 686 1094 702 habitu

177 718 293 741 superposito
304 718 388 739 seculari,
398 718 428 735 vel
437 724 470 740 per
481 718 606 735 dormitorium
617 718 640 734 de
648 722 701 735 nocte
711 718 815 735 discurrere
825 722 843 735 et
852 719 898 735 alios
905 719 1003 742 inquietare
1011 724 1095 741 presump-

177 751 234 767 serint
244 751 262 767 in
273 751 359 772 futurum,
370 750 468 773 nullusque
480 750 567 768 secularis
577 751 658 774 predicta
668 751 795 772 instrumenta,
806 757 841 774 que
851 751 946 774 religionis
956 752 1025 774 puritati
1034 755 1096 768 coutra-

177 784 246 804 dicunt,
257 784 291 801 sub
302 784 354 807 penis
364 784 451 807 predictis
461 784 527 801 audeat
536 784 621 801 decetero
631 790 740 801 conservare
750 784 785 801 sub
796 790 841 807 penu
854 785 938 808 superius
950 785 1042 801 nominata.
1054 784 1096 801 Iulii-

177 817 208 834 het
218 817 353 834 districtissime
363 817 411 834 idem
421 817 525 839 Capitulum
535 823 559 834 ne
568 817 622 834 alicui
632 817 654 834 ad
664 817 757 834 Fraueiam
768 817 787 834 ‘m
797 818 862 835 Sancto
872 817 964 834 Bernardo
974 817 1049 835 venienti
1060 823 1096 840 pro-

177 850 260 867 videatur
270 856 302 873 per
311 850 390 872 aliquem
401 850 423 867 de
433 856 504 867 camera
514 856 546 867 seu
557 850 650 873 confugio,
661 850 697 867 nisi
707 856 739 873 per
749 850 863 873 provisorem
877 850 920 867 dicti
933 850 968 867 Ioci
980 854 997 867 et
1010 850 1095 867 consilium

178 889 256 906 persone
267 883 392 900 sufficientiam
403 883 524 906 meritumque
534 883 614 905 requirat
624 883 682 906 palam
690 883 713 899 ab
723 883 809 900 omnibus
819 883 838 900 in
848 883 932 904 consilio,
942 883 1006 900 auxilio
1020 886 1037 900 et
1048 882 1096 900 collo-

177 916 220 939 quio
229 916 308 933 totaliter
316 916 393 933 evitetur
401 916 436 933 sub
444 916 497 939 penis
504 916 616 933 antedictis³.
624 916 689 933 Nullus
698 916 751 933 etiam
759 916 828 933 ibidem
837 919 897 933 teneat
905 916 990 933 famulum
998 916 1096 933 servientem

176 949 205 965 vel
216 949 324 971 scriptorem
334 949 370 966 nisi
380 955 413 972 pro
423 949 455 966 illo
464 949 594 970 inbursaverit,
604 949 685 971 exceptis
696 949 798 966 bucallariis
812 952 843 966 aut
854 949 927 972 publice
942 949 1048 971 legentibus,
1059 949 1097 966 alio-

177 982 221 1004 quin
231 982 285 998 bonis
295 982 411 999 coniunitatis
421 985 481 999 careat
491 982 600 1005 quicumque
610 982 653 998 huic
663 981 732 999 salubri
742 984 809 999 statuto
822 982 901 998 noluerit
915 981 994 998 obedire<
1008 981 1097 999 Cellerario

177 1020 221 1032 vero
231 1014 275 1031 dieti
285 1015 341 1031 studii
352 1015 400 1032 idem
410 1015 513 1037 Capitulum
524 1015 600 1038 precipit
611 1015 629 1031 in
639 1015 707 1032 virtute
717 1018 779 1031 sancte
789 1014 894 1031 obedientie
906 1015 989 1037 quatinus
1003 1015 1049 1032 omni
1060 1018 1098 1031 tein-

177 1053 228 1070 pore,
237 1050 271 1064 tam
282 1047 347 1070 yemali
355 1053 408 1070 quam
416 1048 482 1069 estivo,
491 1048 594 1064 immediate
604 1051 675 1064 cantato
685 1047 805 1070 completorio
815 1050 876 1070 portas
887 1047 930 1064 dicti
939 1047 974 1064 loci
982 1047 1038 1064 claudi
1046 1048 1097 1068 saciat,

178 1086 200 1097 ne
211 1080 306 1103 quisquam
317 1084 410 1103 presumat
419 1084 482 1103 postea
493 1081 570 1097 seculari
581 1081 678 1097 occasione
687 1086 815 1103 quemcunque
824 1080 891 1097 ibidem
901 1080 984 1097 retinere.
995 1081 1097 1097 Contrarium

177 1113 265 1130 facientes
275 1119 327 1136 pane,
339 1113 381 1130 vino
392 1116 410 1130 et
419 1113 496 1136 pitancia
507 1114 601 1136 priventur
610 1113 691 1130 totaliter
700 1119 736 1130 una
746 1113 815 1130 die'....

222 1146 312 1163 Generale
321 1145 424 1168 Capitulum
435 1146 512 1168 precipit
522 1149 539 1162 et
549 1146 629 1168 injungit
639 1149 658 1162 ut
667 1146 737 1168 singuli
747 1145 852 1163 sacerdotes
859 1146 878 1162 in
886 1145 934 1162 dieto
942 1145 1001 1162 studio
1008 1146 1099 1162 residentes

178 1179 234 1195 semel
245 1178 266 1195 ad
277 1178 337 1195 miuus
348 1178 367 1194 in
381 1178 473 1201 quindena
489 1178 571 1195 confiteri
582 1181 599 1195 et
612 1178 712 1199 celebrare,
727 1178 781 1195 etiam
796 1184 832 1195 non
848 1178 951 1195 sacerdotes
965 1178 1044 1195 similiter
1056 1184 1099 1195 coiu-

178 1211 270 1227 muuicare
281 1214 383 1227 teneantur.

222 1249 257 1262 uitii
263 1251 290 1262 nnt.
298 1250 340 1262 Parin.
348 1253 373 1261 mm
381 1250 405 1262 int.
412 1250 455 1263 lssss‘sfi,
463 1250 486 1261 toli
495 1250 521 1261 188.
527 1256 543 1259 -
549 1250 584 1262 linei:
590 1251 639 1262 atntutn
647 1250 695 1262 denunt
702 1250 716 1261 in
723 1250 757 1262 BibL
764 1250 802 1262 Caes.
807 1250 863 1262 Vin-ioh,
870 1254 895 1262 mn.
903 1250 927 1262 lut>
935 1250 969 1264 nst«.
976 1253 983 1262 e
990 1254 1014 1266 quo
1020 1250 1070 1265 Winter.
1076 1250 1098 1262 121·ae

176 1271 275 1284 cistercienses*
281 1272 304 1284 des
311 1271 379 1284 norderstl.
387 1271 495 1286 Deutscltlamis,
502 1271 526 1286 ΙΙΙ,
534 1272 557 1283 296
564 1275 584 1288 tq.
592 1271 638 1284 Simile
646 1271 710 1288 quiddam
717 1272 774 1284 retertur
781 1272 814 1284 ibid.
821 1272 838 1284 nd
845 1276 867 1284 nn.
875 1272 910 1287 tw,
916 1276 930 1289 1²-
938 1273 965 1284 θοι).

223 1310 234 1322 l⁴
243 1311 258 1322 Ιιι
265 1310 327 1325 Cupiwlo
333 1310 393 1325 gener-ii
398 1310 429 1322 unni
436 1310 503 1325 sequenti·
511 1310 573 1323 omnihus
580 1310 652 1322 abbatibu-
659 1310 731 1325 inhibetur,
740 1315 755 1323 ηε
762 1311 821 1323 Parui-n
829 1315 851 1323 eon
857 1311 924 1324 scholare.
931 1311 987 1325 mitur-2,
993 1311 1015 1327 qui
1022 1315 1046 1323 non
1052 1311 1099 1323 nudent
