1273 1538
177 74 224 92 1286]
377 81 400 91 nu
417 81 470 92 anuo
487 80 604 91 uoci-xxxvi
619 80 685 94 usque
702 81 726 91 Λι)
743 80 813 91 annun
830 81 900 92 uocet„
1096 75 1106 90 5

175 119 208 136 set,
219 121 310 138 perpenso
317 115 388 137 judicio
400 116 418 132 in
429 116 501 132 delictis
511 115 618 138 perpetratis
629 118 672 131 sunt
682 121 734 138 pene,
746 118 799 138 prout
810 121 839 132 res
849 115 957 138 expostulat,
969 115 1069 132 statuende
1081 115 1105 131 Ea

174 151 254 171 propter,
269 153 309 164 cum
327 148 388 166 nohis,
402 148 481 171 capitulo
498 147 603 168 Parisiensi,
617 147 684 164 suisset
698 153 720 164 ex
734 151 784 170 parte
798 147 902 164 venerande
917 147 1044 164 Universitatis
1059 147 1106 164 Pari-

175 180 241 197 siensis
251 180 353 202 expositum
365 180 455 202 quoddam
468 180 585 196 homicidium
596 180 615 196 in
625 185 722 202 personam
732 180 826 202 cujusdam
837 180 913 196 scolaris
922 179 1031 196 Parisiensis
1041 185 1106 202 perpe—

175 215 238 229 tratum
251 212 270 228 in
282 212 365 235 paraviso
378 212 406 229 vel
420 218 484 235 prope,
497 216 515 229 et
528 212 616 234 quosdam
631 212 677 228 alios
692 217 778 228 excessus
791 215 905 234 perpetratos
919 212 976 228 fuisse
991 211 1021 228 die
1033 212 1106 228 veneris

174 247 215 261 ante
233 244 359 264 brandones&
376 247 394 261 et
413 244 462 267 quod
482 244 554 267 quidam
576 244 639 261 clerici
657 244 680 261 de
699 244 755 261 choro
778 247 848 265 nostro,
871 244 956 261 videlicet
974 243 1105 261 Thomassinus

174 276 257 297 Coillete,
267 277 359 293 Johannes
369 277 451 294 Boiliaue
463 280 482 294 et
493 277 570 294 Colinus
579 276 664 297 Marlelli,
676 280 770 299 presentes
781 277 907 298 interfuerant,
918 282 998 300 operam,
1008 276 1104 293 consilium

174 312 191 325 et
207 308 292 325 auxilium
309 309 398 326 dederant
413 309 432 325 in
449 309 531 331 predicto
547 309 627 326 facinore
641 309 763 332 perpetrando
775 309 857 326 :fuimus
874 315 896 326 ex
912 312 962 332 parte
977 309 1105 326 Universitatis

173 344 235 364 postea
248 341 338 363 requisiti„
351 341 400 364 quod
414 347 469 364 super
482 341 578 364 premissis
591 341 719 358 exhiberemus
732 345 801 358 mature
811 342 886 364 justicie
898 341 1056 364 complementum.
1067 342 1104 358 Nos

173 377 232 390 autem
245 373 360 396 requisitioni
374 373 454 396 predicte
467 374 572 396 benigniter
584 373 673 394 inclinati,
687 380 746 390 veram
762 373 879 390 dilectionem
894 377 912 391 et
924 374 1038 390 affectionem
1051 379 1104 397 quam

173 406 260 423 hahemus
273 412 316 429 erga
330 406 395 423 dictam
412 406 552 423 Universitatem
570 412 642 423 servare
661 406 725 423 merito
738 406 841 429 cupientes,
855 407 952 429 magistros
967 406 1067 423 Johunnem
1082 406 1105 423 de

173 438 296 458 Bertencuria,
307 438 402 455 Dudonem
413 441 430 455 et
440 439 537 455 Henricum
552 438 619 455 dictum
633 438 722 459 Tuebuei',
732 438 830 455 canonicos
841 441 915 455 nostros
926 439 945 455 in
955 438 1040 461 capitulo,
1048 439 1106 461 depu-

173 471 248 487 tavimus
258 470 281 487 ad
291 471 420 493 inquirendum
430 476 486 493 super
499 471 595 493 premissis
607 471 706 493 plenariam
716 471 817 488 veritatem.
828 471 907 487 Predicti
917 477 960 487 vero
971 471 1053 487 canonici
1066 471 1104 487 viee

173 506 233 520 nostra
243 506 261 519 et
271 503 355 520 mandato
365 506 495 526 processerunt
505 503 527 520 ad
537 503 667 526 inquirendum
677 503 777 523 veritatem,
788 503 852 525 peritis
861 503 880 519 in
891 506 968 525 utroque
977 503 1019 525 jure
1030 509 1105 525 presen-

172 535 227 556 tibus,
238 535 342 558 diligenter.
354 536 376 552 Et
386 536 408 552 de
418 535 496 552 consilio
507 535 613 552 eorumdem
625 536 708 552 fecerunt
718 535 811 558 predictos
821 535 967 556 Thomassinum.
977 535 1077 552 Iohannem
1087 539 1105 552 et

172 568 256 585 Colinum
267 568 337 590 jurare,
350 568 401 585 tactis
415 568 536 585 saerosanctis
548 568 660 591 Evangeliis,
673 568 722 590 quod
735 574 790 591 super
803 568 898 591 premissis
911 568 993 584 dicerent
1004 568 1104 584 veritatem.

172 601 246 621 Verum,
261 601 302 622 quia
319 606 352 623 per
368 601 495 617 consessiones
512 600 617 617 eorumdem
635 606 671 617 non
686 600 745 623 potuit
758 604 842 617 constare
857 600 880 617 de
893 600 969 617 veritate
985 600 1033 621 sacti,
1049 603 1105 616 testes

171 633 244 649 suerunt
254 633 337 655 producti
348 639 404 655 super
416 633 512 655 premissis
524 636 542 649 et
554 632 616 649 eadem
628 633 752 655 tangentibus,
763 636 781 649 et
790 633 889 655 diligenter
901 638 933 655 per
946 632 1004 649 dictos
1016 638 1106 649 concano-

172 665 223 681 nicos
232 665 334 682 examinati*
345 665 425 682 Tandem
435 665 582 688 depositionibus
592 665 666 682 testium
678 665 697 682 in
707 665 786 687 capitulo
797 665 894 688 publicatis
904 668 922 681 et
931 664 1029 687 diligenter
1038 664 1105 681 exami-

172 697 224 718 nutis=
237 697 362 714 mandavimus
375 704 408 720 pro
420 698 493 714 clericis
506 703 560 720 supra
573 697 633 714 dictis
647 698 670 714 Et
683 698 718 720 ipsi
730 701 826 720 presentes
838 698 857 714 in
869 697 948 720 capitulo
961 703 970 713 a
983 697 1037 714 nobis
1051 697 1106 714 inter-

172 730 229 752 rogati
245 733 305 746 utrum
324 733 379 746 ratam
395 734 413 747 et
429 733 497 753 gratam
515 730 603 746 habereut
618 730 722 752 iuquestam
739 730 845 752 predictam,
862 733 881 747 et
897 733 956 747 utrum
974 729 1042 746 vellent
1058 733 1106 746 stare

171 762 284 779 ordinacioni
293 765 355 779 nostre
363 768 419 785 super
426 762 529 785 premissis,
538 762 674 785 responderunt
681 762 730 784 quod
740 762 772 779 sic.
782 763 804 779 Et
811 762 846 779 hoc
853 762 957 785 juramento
965 762 1040 785 proprio
1049 762 1106 779 firma-

171 798 241 812 verunt.
252 796 320 812 Verum
334 795 376 817 quia
386 801 418 818 per
430 795 556 818 depositiones
569 795 643 811 testium
654 795 777 817 predictorum
788 801 825 812 non
835 795 929 818 potuimus
939 795 1013 811 eosdem
1023 795 1106 812 invenire

171 827 215 844 adeo
228 827 335 849 culpabiles,
348 827 397 849 quod
410 827 432 844 de
442 828 484 849 jure
499 827 633 850 condempnare
648 833 745 850 possemus
760 827 811 850 ipsos
826 827 848 844 ad
863 833 927 850 penam
943 827 1036 844 homicidii
1051 827 1106 844 susti-

170 860 254 880 nendam,
268 859 312 876 licet
326 860 344 876 in
359 860 467 882 quibusdam
483 860 523 876 aliis
537 860 606 876 inventi
622 860 691 876 suerint
705 860 808 876 excessisse
824 866 828 876 :
844 866 885 881 nos,
901 859 1036 876 deliberacione
1050 865 1106 882 super

170 892 265 915 premissis
275 892 335 909 habita
345 892 436 915 diligenti,
444 892 524 909 adhibita
534 892 669 915 sollempnitate
679 898 714 914 que
725 892 744 908 in
754 892 821 909 talibus
831 892 871 909 fieri
882 892 984 913 consuevit,
995 892 1017 909 de
1027 892 1105 909 consilio

171 925 277 947 peritorum,
288 930 321 947 per
335 928 416 941 nostram
430 924 542 941 diffinitivam
558 925 667 941 senteutiam
678 925 784 941 ordinamus
796 928 814 941 et
826 925 923 941 statuimus
934 925 953 941 in
965 924 1013 941 hunc
1024 924 1105 946 modum,

171 956 261 977 videlicet,
274 956 333 973 dictos
347 957 488 974 Thomassinum
502 960 520 974 et
533 956 634 974 Johannem
649 962 672 973 ex
685 962 733 973 uunc
748 956 839 973 beneficio
854 957 903 979 quod
916 956 984 973 habent
998 957 1016 973 in
1029 957 1105 974 ecclesia

171 993 231 1006 nostra
242 989 349 1010 Parisiensi‚
361 989 431 1006 scilicet
441 989 522 1006 denariis
534 989 671 1006 matutinalibus
684 992 703 1006 et
713 989 769 1006 choro
782 992 846 1006 nostro
854 989 959 1010 Parisiensi,
973 989 1105 1012 imperpetuum

170 1022 270 1044 privantes;
285 1022 336 1042 item,
351 1022 400 1044 quod
415 1028 424 1038 a
439 1022 468 1039 die
484 1028 518 1044 qua
533 1022 609 1039 exibunt
623 1021 646 1038 de
658 1027 732 1038 carcere
745 1025 815 1042 nostro,
827 1022 863 1038 iter
874 1022 961 1044 arripiant
973 1021 995 1038 ad
1008 1022 1105 1038 Romanam

170 1054 237 1070 curiam
248 1057 322 1076 propter
332 1060 365 1071 sue
375 1054 497 1071 absolutionis
507 1054 615 1071 beneficium
626 1054 769 1076 impetrandum3
781 1054 831 1074 item,
842 1054 891 1076 quod
901 1060 910 1070 a
921 1054 950 1070 die
963 1054 1044 1076 predicta
1056 1058 1105 1071 extra

171 1086 261 1108 dyocesim
272 1089 290 1102 et
300 1086 389 1103 civitatem
402 1086 523 1103 Parisiensem
536 1092 605 1103 moram
618 1086 726 1103 contrahent
738 1092 770 1109 per
782 1086 888 1107 triennium=
899 1086 1003 1103 nullatenus
1014 1087 1105 1103 reversuri

171 1118 228 1134 donec
243 1118 311 1134 dictum
326 1118 424 1135 triennium
441 1118 464 1135 sit
478 1118 566 1141 elapsum.
580 1118 652 1135 Dictum
666 1124 710 1135 vero
723 1118 809 1135 Colinum
822 1118 900 1135 Martelli
916 1124 938 1135 ex
950 1124 998 1135 nunc
1013 1119 1105 1141 privamus

161 1150 302 1173 ‘imperpetuum
316 1150 373 1167 choro
388 1154 460 1171 nostro;
473 1151 522 1172 item,
537 1150 586 1173 quod
600 1157 609 1167 a
624 1150 654 1167 die
669 1156 704 1172 qua
717 1150 774 1167 exibit
788 1150 810 1167 de
824 1156 896 1167 carcere
910 1154 980 1171 nostro,
995 1151 1069 1167 accedet
1082 1151 1105 1167 ad

171 1182 232 1199 sedem
242 1183 367 1205 apostolicam„
378 1189 410 1199 sue
420 1183 542 1200 absolutionis
552 1183 660 1200 beueficium
672 1183 770 1205 petiturus;
782 1183 831 1204 item,
842 1183 892 1205 quod
904 1189 913 1200 a
925 1183 955 1199 die
965 1183 1045 1205 predicta
1055 1186 1105 1199 extra

170 1214 261 1237 dyocesim
272 1218 290 1231 et
299 1215 390 1231 civitatem
400 1215 522 1232 Parisiensem
530 1221 597 1232 morani
608 1215 703 1232 contrahet
712 1215 799 1232 continue
808 1221 841 1237 per
851 1215 957 1235 triennium,
967 1218 985 1231 et
994 1215 1044 1237 quod
1053 1218 1105 1231 antea

171 1253 206 1263 non
217 1246 289 1267 redibit,
300 1247 336 1263 nisi
345 1247 448 1264 veneranda
459 1247 573 1264 Universitas
582 1247 663 1269 predicta
674 1247 718 1264 velit
727 1247 787 1264 eidem
797 1253 853 1269 super
866 1253 942 1264 reversu
954 1247 977 1263 ad
986 1247 1077 1263 cix-itatem
1087 1250 1105 1263 et

170 1279 261 1301 dyocesim
278 1279 338 1295 facore
354 1279 430 1301 gratiam
447 1279 552 1302 specialem>
569 1279 592 1296 Et
608 1279 629 1296 ad
646 1279 681 1296 hoe
698 1279 790 1302 predictos
807 1279 955 1299 Thomassinum,
970 1278 1070 1295 Johannem
1087 1282 1106 1295 et

171 1311 254 1328 Colinum
264 1311 283 1327 in
293 1311 367 1333 scriptis
379 1317 411 1334 per
424 1315 503 1328 nostram
517 1311 629 1328 diffinitivam
644 1311 751 1328 sententiam
766 1311 928 1334 condempnumus,
939 1311 1003 1327 Datum
1016 1314 1034 1327 et
1046 1314 1103 1327 actum
