1273 1538
172 44 194 61 26
464 49 622 61 cuntium-amun
640 50 735 61 umvsns.
753 50 817 61 mnus.
1056 42 1105 61 [1289

173 86 271 109 eligentur,
292 92 363 103 necnon
380 92 444 103 omnes
461 86 480 103 in
501 86 548 103 dicta
570 87 645 103 nacione
666 86 763 109 incepturi,
781 86 799 103 in
820 86 848 103 sui
865 85 979 102 institutione
999 91 1031 102 seu
1049 86 1104 102 eciam

173 119 282 142 inceptione,
300 125 320 137 se
337 126 370 143 per
387 120 459 143 propria
474 120 577 143 juramenta
593 120 672 137 fideliter
688 119 802 143 obligabunt,
818 123 835 136 et
851 119 874 136 ad
890 119 1026 142 procedendum
1043 123 1104 136 contra

173 152 252 170 rebelles
268 156 286 170 et
300 153 450 174 contradictores,
466 153 513 170 sicut
527 156 589 170 contra
605 153 696 176 perjuros,
711 159 748 170 non
763 153 805 170 moti
821 158 881 169 amore
897 152 925 169 vel
942 152 991 173 odio,
1007 158 1060 175 prece
1076 153 1103 169 vel

173 186 241 209 precio,
254 186 324 209 pudore
336 187 365 204 vel
378 186 454 203 utilitate
466 186 544 209 alicujus
557 192 641 209 persone,
652 186 686 203 sed
696 192 729 209 pro
739 192 787 203 mera
798 186 872 203 veritate
882 189 900 202 et
909 191 943 208 pro
952 185 1002 202 bono
1014 186 1103 202 communi

173 220 232 237 tocius
242 220 327 237 nationis.
339 220 359 236 Et
373 222 392 237 ut
402 219 436 236 hec
447 219 503 236 robur
513 219 590 236 habeant
600 219 696 240 firmitatis,
706 225 770 236 omnes
781 225 815 236 nos
825 222 843 236 et
852 219 920 242 singuli
930 219 1012 242 magistri
1025 219 1104 242 predicte

172 254 254 271 nacionis
268 253 286 270 in
299 253 383 270 facultate
397 252 477 276 predicta
488 256 574 276 regentes
583 252 606 270 ad
615 252 650 270 hoc
660 252 764 276 specialiter
774 252 839 271 vocati,
850 257 948 276 spontanea
958 252 1057 273 voluntate,
1068 259 1104 269 non

172 286 236 307 coacti„
250 285 331 309 predicta
345 285 381 302 fide
396 285 542 308 uniuscujusque
556 285 631 308 prestita
645 285 742 308 corporali,
758 288 776 302 et
788 285 835 302 votis
849 285 929 302 omnium
942 288 1025 302 nostrum
1038 285 1104 302 confir-

173 325 248 336 mamus
262 319 340 341 Insuper
352 318 433 341 sigillum
446 324 542 335 commune
556 318 637 335 nacionis
650 321 712 335 nostre
724 318 747 335 de
757 324 849 335 consensu
862 318 942 335 omnium
955 318 1040 335 duximus
1049 324 1104 341 appo-

173 352 258 369 nendum.
273 353 337 369 Datum
352 358 399 369 anno
413 352 486 368 Domini
500 351 597 368 millesimo
609 352 647 369 CC⁰
658 352 770 375 octagesimo
783 355 852 373 octavo,
866 352 895 369 die
910 352 952 369 lune
967 355 1008 369 aute
1020 352 1104 369 Purifica-

173 386 240 402 tionem
250 385 302 402 beate
313 386 369 402 Marie
379 385 468 408 Virginis.
733 390 811 407 Collati.)
821 396 853 413 pgr
863 391 979 407 Cri-:mmmm

219 435 250 447 eud.
259 435 320 449 tin-nur„
328 434 351 446 101.
359 434 394 446 130⁸.
400 441 416 443 —
421 434 491 449 Jourdnin,
498 437 513 446 nn
520 435 547 447 292.

173 514 230 533 554.
240 519 338 532 mmmm-tm
345 518 427 537 ‘tegentium
434 520 503 532 rectorem
510 520 524 532 ει
531 519 590 532 mmm
598 519 665 532 fnum-111
674 518 760 533 acaunum

737 554 776 569 1283,
783 558 828 567 meme
834 554 899 569 denuntia,
907 554 963 567 Ριινίιίῖε.

220 591 315 609 Universis
330 595 426 615 presentes
441 591 509 609 litteras
524 591 592 609 visuris
606 592 634 609 vel
648 591 738 609 audituris
753 597 786 609 nos
801 598 864 609 omnes
879 595 896 609 et
911 591 979 615 singuli
992 592 1074 615 magistri
1085 592 1104 608 in

176 626 240 643 artium
250 625 333 643 facultate
343 629 383 643 actu
394 629 480 648 regentes
490 626 566 642 salutem
576 625 594 642 in
607 625 644 642 filio
655 625 737 649 Virginis
751 625 838 649 gloriose*
852 626 903 643 Facta
913 625 998 649 preterita
1011 625 1104 643 evidenter

176 665 210 676 nos
223 659 301 676 edocent
313 665 335 676 ex
347 659 464 676 dissencione
479 662 496 676 et
510 659 600 676 discordia
613 659 660 676 circa
676 662 763 676 rectorem
776 659 843 676 habitis
856 663 935 676 nostram
945 659 1053 680 facultatem,
1065 665 1103 676 nec-

175 699 212 710 non
229 696 282 710 totam
299 692 439 710 Universitatem
457 692 544 716 periculis
561 696 578 710 et
594 693 708 710 detrimentis
725 692 863 716 quampluribus
879 692 980 715 subjacere.
995 693 1032 710 Nos
1048 693 1104 716 igitur

175 726 257 744 volentes
274 726 340 744 talibus
357 725 444 749 periculis
458 726 539 747 obviare,
554 730 571 743 et
585 726 658 744 fraudes
672 733 692 743 ac
707 726 791 748 fabricas,
801 730 854 749 prout
864 732 969 749 possumus,
980 727 999 743 iu
1011 730 1102 749 posterum

175 759 277 782 excludere,
288 760 310 777 ad
323 760 454 777 observandam
467 760 543 777 formam
557 759 638 783 eligendi
650 763 739 778 rectorem
752 760 805 778 nobis
818 766 827 777 a
839 760 913 778 domino
926 760 999 777 Simone
1013 760 1103 783 quondam

175 793 234 817 legato
248 794 348 815 traditam',
363 794 385 811 de
399 794 491 811 communi
505 800 596 811 consensu
610 798 628 811 et
642 800 718 811 assensu
733 794 813 811 omnium
828 794 955 817 magistrorum
968 794 1070 818 specialiter
1081 795 1103 811 ad

175 828 209 845 hoc
227 831 332 845 vocatorum
350 828 368 845 in
385 828 463 851 capitulo
481 828 499 845 S.
514 828 597 845 Matulini
616 834 663 845 anno
680 828 753 845 Domini
770 828 867 845 millesimo
887 828 1012 845 ducentesimo
1032 826 1104 845 LXXX⁰

174 864 244 882 octavo,
255 867 317 878 mense
328 861 414 883 Januarii,
425 861 510 878 duximus
520 861 614 878 statuenda
625 867 659 884 que
670 865 757 878 secuntur
767 865 785 878 et
794 861 924 879 inviolabiliter
933 868 942 878 a
953 862 1021 879 nostris
1032 868 1104 879 succes-

174 894 248 912 sorihus
258 895 378 912 observanda.

218 928 303 951 Inprimis
313 928 405 949 videlicet⁷
416 928 465 951 quod
479 928 568 945 electores
583 931 624 951 post
636 928 758 950 juramentum
772 928 790 945 in
804 928 894 951 presentia
907 928 996 946 facultatis
1008 929 1073 946 sactum
1085 929 1102 946 in

173 967 228 979 unum
245 962 304 979 locum
318 961 441 983 includantur,
454 967 463 979 a
479 967 515 984 quo
530 961 616 979 recedere
633 967 668 978 non
684 965 796 985 presumant,
811 962 846 979 nisi
860 961 925 979 electio
938 962 993 979 suerit
1007 961 1102 983 celebrata,

172 999 247 1018 excepto
261 995 346 1013 duntaxat
360 995 474 1013 necessitatis
488 995 570 1016 articulo,
585 995 615 1018 qui
628 1001 661 1018 per
676 996 761 1018 majorem
775 999 843 1018 partem
853 995 942 1013 facultatis
957 999 999 1013 tunc
1012 996 1103 1019 presentis

171 1028 226 1044 suerit
237 1028 354 1051 judicandus.
369 1028 388 1045 Si
400 1028 470 1045 autem'
485 1027 574 1045 electores
587 1028 606 1044 in
620 1033 673 1044 unani
687 1028 823 1045 determinatam
837 1034 932 1051 personam
946 1029 1102 1049 concordaverint,

171 1060 224 1078 liccat
234 1061 261 1078 eis
271 1061 293 1078 ad
303 1061 427 1078 immediatum
436 1061 516 1078 hostium
526 1061 595 1082 venire,
604 1064 623 1078 ut
633 1064 721 1078 rectorem
733 1065 834 1078 convocent
843 1061 909 1082 solum,
918 1060 989 1084 loquela
999 1062 1021 1078 ad
1031 1062 1076 1078 alios
1086 1065 1102 1078 et

172 1094 193 1111 de
204 1093 245 1111 aliis
255 1094 282 1111 eis
292 1095 365 1117 penitus
375 1094 477 1111 interdicta⁴

216 1128 260 1145 item
275 1128 324 1151 quod
340 1128 399 1145 solum
414 1134 447 1150 per
463 1128 541 1150 spatium
558 1128 659 1145 durationis
677 1128 731 1145 unius
748 1128 823 1145 candele
834 1129 876 1151 (que
890 1129 944 1145 unius
959 1129 1014 1146 totius
1028 1128 1102 1146 candele

172 1161 279 1184 regulariter
296 1161 335 1178 sine
352 1161 416 1178 fraude
432 1161 455 1178 de
473 1167 507 1178 nna
523 1161 569 1178 libra
583 1167 625 1178 cere
640 1167 694 1184 supra
708 1160 801 1178 liccinium
814 1162 900 1184 ponderis
915 1165 955 1179 octo
973 1162 1102 1185 sterlingorum

172 1201 260 1212 novorum
271 1195 293 1212 de
304 1198 381 1218 quatuor
392 1194 428 1211 tilis
440 1195 550 1215 consectum,
561 1198 579 1211 ut
591 1195 717 1216 communiter,
729 1195 768 1212 sine
781 1195 824 1212 dolo
836 1195 863 1212 eis
873 1199 978 1218 operatores
988 1195 1102 1212 candelarum

171 1232 246 1246 utuntur
259 1229 312 1250 facte,
326 1228 385 1251 portio
402 1228 441 1251 xxvj
458 1228 499 1249 erit,
513 1234 548 1251 que
564 1228 623 1251 portio
638 1229 655 1245 iu
669 1228 784 1251 longitudine
798 1228 871 1245 habebit
885 1232 965 1246 octavam
979 1233 1047 1252 partem
1062 1228 1102 1246 ulne

172 1263 288 1283 Parisiensis3
300 1262 315 1279 si
326 1265 385 1279 autem
399 1261 458 1279 minus
471 1262 544 1285 pondus
555 1268 596 1279 cere
609 1262 712 1285 accipiatur,
721 1262 771 1285 juxta
784 1262 885 1285 precedens
896 1262 997 1279 consimilis
1010 1263 1102 1285 proportio

172 1296 287 1317 observetur;
299 1302 334 1319 que
344 1296 418 1313 candela
434 1296 451 1312 iu
466 1296 541 1313 introitu
554 1296 635 1318 ipsorum
645 1296 667 1313 ad
682 1296 741 1312 locum
755 1296 850 1313 electionis
862 1296 978 1317 accendetur„
988 1300 1006 1313 et
1017 1296 1102 1313 continue

171 1330 241 1347 ardebit
254 1336 312 1353 usquc
328 1330 350 1347 ad
364 1329 522 1352 consumptionem
537 1329 618 1352 ejusdem
634 1329 715 1351 candele)
728 1332 834 1352 potestatem
847 1329 939 1346 habebunt
952 1329 1032 1353 eligendi
1045 1333 1102 1346 recto-

235 1360 247 1371 α.
