1273 1538
175 52 208 68 380
461 57 619 68 cusai-nnumin
638 57 731 68 uatvsns.
749 57 813 67 mnis.
1049 49 1093 68 [1331

177 92 226 109 nium
240 92 360 113 celebrantur,
376 93 458 115 quamvis
472 93 509 109 sint
521 93 555 109 alie
569 92 712 109 consuetudines
726 92 841 109 observantie
857 96 874 109 et
892 92 985 114 privilegia
1001 92 1094 108 secundum

177 130 221 147 quas
232 129 249 142 et
259 131 294 147 que
304 125 410 142 examinatio
421 125 483 142 eadem
494 129 512 142 et
521 125 592 142 licentia
603 125 643 141 fieri
653 125 720 141 debent
729 125 751 141 de
762 124 877 141 studentibus
887 124 905 141 in
916 124 998 141 facultate
1006 124 1080 146 predicta
1090 130 1094 148 ἦ

177 160 235 174 tamen
247 157 323 174 dilectus
336 157 384 174 filius
397 157 509 174 Guillermus
520 158 542 174 de
555 157 638 174 Narbona
651 157 769 174 cancellarius
782 157 864 179 ejusdem
878 157 954 174 ecclesie
964 162 996 179 pro
1006 162 1038 173 suo
1048 157 1094 174 libito

176 190 274 207 voluntatis
284 193 346 206 contra
356 193 374 206 et
384 193 444 212 preter
457 190 606 210 consuetudines,
620 189 743 206 observantias
757 193 775 206 et
786 189 882 212 privilegia
895 193 989 206 memorata
999 189 1094 206 Guidonem

177 222 199 239 de
209 222 291 242 Novaria,
302 222 346 239 alias
356 222 378 238 de
388 222 456 242 Rodes,
466 222 489 238 de
499 228 534 244 quo
545 228 581 238 non
591 222 685 239 constabat
694 222 772 239 facultati
787 222 855 245 prefate
865 222 913 244 quod
923 222 941 238 in
950 222 1010 238 eadem
1018 222 1094 239 facultate

177 255 276 272 audivisset
286 255 314 271 vel
324 255 400 277 legisset
410 258 428 272 ut
439 254 533 272 tenebatur
542 254 571 271 vel
581 261 614 277 per
623 255 720 277 magistros
727 255 816 272 facultatis
824 255 905 277 ejusdem
913 255 1021 272 examinatus
1028 255 1093 275 fuisset¹

176 293 278 310 quanquam
290 287 343 304 etiam
356 293 388 310 per
398 291 451 304 totam
462 287 562 304 facultatem
576 287 651 304 eandem
662 294 699 304 non
709 291 758 304 esset
768 288 816 304 dicto
829 288 935 304 cancellario
947 291 1064 310 presentatus,
1076 288 1095 305 ad

156 297 161 345 Ξ
175 320 260 342 pratieam
274 319 364 336 facultatis
378 320 459 342 ejusdem
473 320 545 336 admisit
559 320 656 342 ipsumque
668 320 686 336 in
697 320 758 336 eadem
772 320 839 342 pratica
854 320 958 340 licentiavit=
972 320 1013 336 licet
1025 326 1046 336 ex
1059 326 1095 337 cou-

155 346 157 356 ”
176 352 273 369 suetudine
283 355 301 368 et
310 352 425 369 observantia
435 352 523 375 predictis
532 359 552 369 ac
562 358 584 369 ex
597 352 693 375 privilegio
705 353 755 369 sedis
768 353 867 375 apostolice
878 352 951 375 speciali
964 352 1010 369 dicte
1022 353 1095 370 facultati

175 390 264 402 concesso
274 384 336 401 nullus
346 385 412 402 debeat
419 385 500 402 Parisius
508 385 595 408 praticare
606 385 641 402 nisi
651 385 766 408 magistratus
777 385 805 402 vel
813 385 876 402 saltem
884 385 986 402 licentiatus
995 385 1062 405 existat.
1070 389 1097 403 aut

156 426 159 440 3
175 423 208 440 per
217 417 323 439 episcopum
333 417 454 435 Parisiensem
465 418 496 440 qui
507 421 534 435 est
543 423 576 440 pro
587 421 668 440 tempore
678 424 718 434 cum
729 417 806 435 consilio
817 418 879 434 decani
890 418 978 435 facultatis
991 418 1069 440 ejusdem
1080 422 1096 435 et

175 450 252 467 duorum
263 450 390 473 magistrorum
400 454 440 467 actu
451 450 530 468 Parisius
541 450 642 473 regentium
653 450 676 467 ad
686 450 753 473 pratiee
766 450 844 467 officium
857 451 912 467 fuerit
925 450 1048 473 approbatus'.
1059 451 1096 467 Pro<

160 483 237 500 'missis
260 483 312 500 etiam
330 483 435 505 adjecerunt
450 483 499 506 quod
514 483 560 500 idem
576 483 695 500 cancellarius
713 483 808 500 Alfonsum
827 484 849 500 de
866 483 969 506 Portugalia
985 483 1095 500 baccalarimn

157 490 161 532 l
175 522 234 539 nuper
243 516 367 533 licentiaverat
380 517 397 533 in
410 516 495 533 facultate
509 517 596 539 predicta,
608 516 639 538 qui
649 522 682 533 nec
692 516 753 533 debite
767 516 837 539 legerat
851 522 884 533 seu
899 516 992 533 audiverat
1004 522 1035 533 nec
1049 516 1096 533 etiam

158 547 162 555 ⁸
175 549 286 566 examinatus
296 555 329 565 seu
339 549 391 566 etiam
402 552 517 572 presentatus
527 549 610 566 extiterat
619 554 651 571 per
659 549 756 571 magistros
764 554 797 565 seu
805 549 906 566 facultatem
914 549 989 565 eandem
997 548 1096 565 cancellario

176 585 281 602 meinorato,
292 582 324 598 sed
335 581 358 598 oh
369 582 445 604 perjurii
455 585 523 598 reatmn
534 582 556 598 ab
566 587 629 598 eorum
640 581 733 598 consortio
748 581 833 603 repulsus
844 582 903 598 fuerat
918 585 935 598 et
948 582 1031 603 rejectus,
1041 585 1058 598 et
1066 581 1097 602 hoc

175 612 228 629 etiam
239 618 271 635 per
285 612 386 629 facultatem
401 612 476 629 eandem
492 612 617 629 denuntiatum
626 612 685 628 suerat
695 612 802 629 cancellario
816 616 921 633 memorato,
934 612 1014 635 quinimo
1027 612 1095 629 facultas

175 645 244 666 eadem⁷
259 651 281 662 ne
298 645 357 662 dictus
374 645 493 662 cancellarius
510 645 610 662 licentiaret
627 645 712 666 eundem,
726 645 748 661 ad
764 645 827 662 sedern
844 645 960 668 apostolicam
979 645 1097 667 appellaverat,

175 678 331 701 quodquevdictus
344 678 463 695 cancellarius
479 678 576 701 maff'stros
585 677 676 694 facultatis
688 678 770 700 ejusdem
781 681 815 694 tam
829 684 889 694 coram
898 691 909 694 ,Δ
924 677 994 694 officiali
1007 678 1097 694 Parisiensi

175 716 227 733 quam
239 710 281 727 alibi
292 710 343 727 citari
353 714 371 727 et
383 710 455 733 fatigari
465 714 550 733 procurat
560 714 577 727 et
586 710 630 727 facit
639 710 709 733 aliaque
723 711 826 733 gravamina
840 711 867 727 eis
879 711 933 727 infert
945 710 1052 727 licentiando
1064 714 1097 727 stu-

175 744 239 760 dentes
249 744 324 760 eosdem
335 749 367 766 pro
378 749 411 760 suo
421 743 473 760 libito
483 743 581 760 voluntatis
595 743 613 759 in
623 743 706 765 ejusdem
716 743 805 760 facultatis
818 749 854 759 non
866 743 957 760 modicum
971 743 1096 760 detrimentum.

175 777 251 799 Propter
261 782 296 799 que
306 776 360 793 etiam
370 782 403 799 pro
414 780 463 799 parte
472 776 562 793 facultatis
572 776 654 798 ejusdem
665 776 729 793 iterato
741 776 775 793 fuit
786 777 808 793 ad
825 776 887 793 sedem
900 776 1007 799 appellatum
1022 776 1097 797 eandem,

175 809 242 832 quibus
252 809 404 832 appellationibus
414 809 510 832 vilipensis
520 809 567 826 idem
578 809 697 826 cancellarius
707 809 725 825 in
736 809 833 832 magistros
843 809 932 826 facultatis
940 809 1021 831 ejusdem
1028 809 1049 826 de
1056 809 1098 825 facto

175 845 193 859 et
202 842 284 858 indebite
294 842 487 859 excommunicationis
497 842 605 859 sententiam
616 842 744 865 promulgavit,
758 848 827 864 eosque
839 842 858 858 in
871 842 987 859 sermonibus
1000 842 1074 864 publicis
1083 845 1098 858 et

175 875 218 891 alibi
229 875 394 891 excommunicatos
409 874 482 897 publice
494 874 583 891 nuntiavit
598 878 615 891 et
627 874 730 891 denuntiari
744 875 835 891 mandavit
849 878 866 891 et
879 875 923 891 fecit
936 875 954 891 in
968 874 1046 897 ipsorum
1059 874 1098 891 infa-

176 908 228 924 miam
239 913 276 924 non
286 907 375 924 modicam
385 911 403 924 et
413 913 516 930 gravamen.
527 908 603 930 Propter
613 913 649 930 que
658 907 741 930 magistri
753 907 843 924 facultatis
856 907 937 930 ejusdem
950 913 959 924 a
969 907 1035 924 lectura
1046 906 1098 930 ipsius

174 940 265 957 facultatis
280 946 288 956 a
303 940 349 956 festo
360 940 461 957 Nativitatis
471 940 544 957 Domini
555 940 598 956 citra
611 943 629 956 et
643 943 684 956 aute
699 946 771 956 cessare
786 940 859 963 penitus
874 943 917 957 sunt
929 940 985 957 coacti
999 940 1018 956 in
1031 945 1099 956 enerva-

175 973 243 989 tionem
254 976 272 989 et
286 973 402 995 dispendium
412 972 502 989 facultatis
518 972 604 995 predicte.
620 973 679 994 Quare
695 978 727 995 pro
741 975 790 995 parte
805 973 894 989 dictorum
910 973 1035 995 magistrorum
1047 973 1079 989 suit
1091 978 1100 989 a

176 1005 230 1022 nohis
244 1011 284 1022 cum
297 1005 383 1022 instantia
397 1005 507 1028 postulatum
521 1009 541 1022 ut
555 1011 627 1022 causam
642 1011 675 1022 seu
690 1011 754 1022 causas
767 1005 873 1028 hujusmodi
887 1005 971 1022 discretis
985 1005 1072 1028 aliquibus
1083 1005 1100 1022 in

176 1037 258 1060 partibus
268 1037 368 1054 audiendas
378 1041 396 1054 et
406 1038 517 1054 decidendas
534 1043 574 1054 cum
587 1041 676 1060 potestate
689 1038 796 1055 absolvendi
809 1038 883 1055 eosdem
894 1038 991 1060 magistros
1001 1041 1019 1054 et
1027 1037 1099 1055 scolares

175 1070 266 1086 facultatis
278 1070 361 1092 ejusdem
371 1076 380 1086 a
390 1070 504 1092 quibuslibet
517 1070 709 1087 excommunicationis
722 1071 819 1087 sententiis
829 1070 847 1087 in
857 1076 890 1087 eos
900 1076 932 1093 per
941 1070 1008 1087 dictum
1020 1070 1100 1087 cancella-

176 1103 223 1120 rium
234 1103 354 1126 promulgatis
364 1104 477 1121 committere
488 1104 611 1127 dignarentur⁴

220 1137 247 1152 Ex
262 1139 311 1159 parte
325 1142 368 1153 vero
382 1137 464 1158 ejusdem
479 1136 576 1153 Guillermi
589 1136 692 1153 cancellarii
705 1137 739 1153 fuit
749 1142 771 1153 ex
780 1137 858 1154 adverso
872 1142 979 1159 responsum
992 1137 1040 1159 quod
1052 1137 1100 1160 Regi-

176 1169 242 1185 naldus
252 1169 275 1185 de
285 1169 407 1186 Cornumare‘
417 1169 540 1190 Normandus,
550 1169 643 1186 lohannes
653 1169 703 1191 Pipa,
713 1169 822 1192 Rodulphus
831 1170 894 1190 Picon,
905 1169 1003 1192 Phylippus
1013 1170 1035 1186 de
1044 1169 1100 1190 Curia,

176 1202 241 1218 Petrus
254 1202 276 1218 de
289 1201 382 1222 Alvernia,
395 1201 498 1224 Stephanus
516 1202 539 1218 de
552 1201 677 1223 Calvomonte,
693 1201 796 1224 Stephanus
808 1202 831 1218 de
845 1202 948 1224 Nongento,
958 1202 1014 1224 Aymo
1030 1202 1052 1218 de
1065 1202 1101 1218 Ful-

175 1234 240 1257 geriis,
254 1234 346 1251 Johannes
362 1234 385 1251 de
402 1234 441 1255 Dia,
458 1234 528 1255 elerici,
545 1234 659 1251 medicinalis
676 1234 753 1251 scientie
770 1234 885 1256 professores
902 1240 942 1251 cum
959 1234 1050 1251 nonnullis
1065 1234 1101 1251 aliis

176 1267 313 1291 professoribus
323 1267 414 1285 facultatis
424 1268 507 1290 ejusdem
518 1267 599 1284 Parisius
609 1270 742 1284 commorantes
752 1270 814 1284 contra
825 1267 920 1290 privilegia
931 1267 1028 1289 apostolica
1037 1267 1102 1284 cancel-

175 1301 220 1318 lario
231 1300 309 1318 ecclesie
320 1301 419 1317 Parisienst
427 1301 459 1323 qui
469 1304 498 1317 est
506 1306 538 1323 pro
550 1304 631 1322 tempore
641 1306 730 1316 concessa
740 1303 758 1316 et
767 1300 911 1317 consuetudines
921 1300 989 1316 diutius
997 1300 1101 1320 observatas,
