1273 1538
181 57 225 76 1331]
372 63 394 75 Λιι
411 63 464 74 anuo
481 62 598 74 ucetxxxvi
615 62 682 77 usque
698 63 722 73 An
737 63 807 74 Annum
824 62 895 74 noctu„
1067 57 1101 74 389

181 100 228 117 etiam
241 99 340 116 cancellarii
352 100 428 122 ejusque
438 99 533 121 potestatis
544 98 660 121 vituperium,
669 99 754 122 injuriam
765 102 783 116 et
795 102 917 122 contemptum
929 99 950 116 de
963 99 1016 120 facto,
1025 105 1065 115 cuin
1077 99 1100 115 de

178 134 215 156 jure
223 138 257 149 non
264 136 344 155 possent,
353 132 468 155 privaverunt
478 132 593 154 privatosque
604 132 626 148 ab
634 138 697 148 eornm
708 132 801 149 consortio
809 132 897 154 injuriose
908 131 977 154 pluries
987 132 1099 154 dejecerunt⁴

220 166 267 185 Item,
278 165 326 187 quod
335 165 378 182 dicti
388 164 414 181 rei
429 170 484 187 supra
494 164 588 185 nominati,
599 168 694 187 postquam
709 165 731 182 ad
742 165 866 187 magistratum
877 164 925 181 dicte
936 164 1026 181 facultatis
1036 170 1100 187 perve-
1114 170 1116 175 ·

181 201 245 218 nerunt,
253 197 270 214 in
280 197 326 214 dicta
336 197 457 214 Universitate
465 203 502 214 non
510 197 595 219 legerunt
602 203 635 214 nec
644 197 789 220 disputaverunt,
798 201 852 220 prout
860 197 974 219 tenebantur,
983 203 1015 220 per
1023 197 1099 220 spatium
1114 190 1116 194 ¹

179 230 259 253 temporis
269 230 372 253 supradicti,
383 230 426 253 quin
437 230 473 247 imo
483 230 517 247 hoc
528 231 587 247 facere
597 230 727 247 contumaciter
738 234 852 252 recusarunt,
863 230 911 247 nulla
921 236 977 253 super
986 230 1020 247 hoc
1030 236 1039 247 a
1052 230 1101 247 dicto

180 263 278 281 cancellario
292 264 347 286 petita
359 263 431 280 licentia
442 263 470 280 vel
481 263 560 280 obtenta.
573 264 624 284 Item,
637 263 674 281 hiis
687 264 761 281 minime
775 264 855 281 contenti
870 264 1023 287 conspirationem
1038 268 1101 281 contra

180 296 240 313 dictum
254 296 378 313 cancellarium
390 296 474 319 juraque,
490 296 641 317 consuetudines,
656 296 763 313 franchisias
777 303 797 314 ac
816 297 909 314 libertates
924 297 972 314 dicte
986 297 1100 318 cancellarie,

180 335 220 352 quas
228 329 328 350 observare,
340 333 359 346 ut
369 329 484 352 premittitur,
493 329 607 351 juraverunt,
618 329 704 350 inierunt,
716 335 736 346 se
743 330 847 352 juramento
857 329 900 347 licet
909 330 972 347 illicite
982 330 1100 353 astringendo

180 363 200 379 de
208 362 326 385 inipuffliando
334 362 381 385 jura.
392 362 486 379 libertates
496 365 515 379 et
524 362 647 379 immunitates
656 362 764 380 cancellarie
776 368 820 385 sepe
831 363 885 383 dicte,
896 366 913 380 et
922 369 960 380 nou
970 363 1028 380 solum
1039 363 1099 386 quoad

181 395 287 418 semetipsos,
297 395 330 412 sed
340 395 391 412 etiam
403 395 474 417 [quoad]
484 395 595 412 baccalarios
607 401 627 412 ac
639 395 719 412 scolares
732 395 822 412 facultatis
835 395 922 418 predicte,
937 396 1040 412 inducendo
1053 402 1100 413 nunc

180 427 264 450 precibus,
277 433 323 444 nunc
338 427 392 444 minis
407 431 424 444 et
439 427 548 448 terroribus,
562 431 580 444 ut
595 431 658 445 essent
671 428 770 450 complices
784 431 802 444 et
815 428 912 450 participes
927 428 1100 449 conventicularum,

180 460 324 483 conspirationum
343 464 361 477 et
377 460 507 483 allegationum
524 460 645 483 predictarum
664 464 726 477 contra
741 460 868 477 cancellarium
886 461 1002 482 antedictum,
1020 461 1101 483 alioquin

179 493 242 510 eisdem
251 493 354 510 baccalariis
364 496 382 509 et
391 492 494 509 scolaribus
504 493 608 510 intimantes
623 493 673 515 quod
683 493 733 516 ipsos
743 493 766 509 arl
776 493 853 515 aliquam
864 493 882 509 in
893 493 939 510 dicta
947 493 1030 510 facultate
1039 499 1101 515 prero-

179 526 249 548 gativam
261 526 363 542 nullatenus
378 529 507 548 promoverent
517 531 549 542 seu
564 526 644 542 facerent
657 531 771 548 promovere,
787 529 805 542 et
819 526 868 548 quod
882 526 941 542 dictos
957 525 1067 542 haccalarios
1084 529 1102 542 et

179 558 257 579 scolares,
268 558 282 575 si
292 558 401 575 contrarium
412 558 498 578 facerent,
509 558 601 581 privarent
610 558 704 575 consortio
714 558 828 579 eorumdem,
838 558 962 575 subtrahendo
972 558 1101 575 nichilominus

179 590 284 612 baccani-iis,
294 591 373 613 prefatos
387 596 460 607 errores
474 591 555 613 ipsorum
569 597 640 607 reorum
655 594 703 608 metu
717 591 792 613 perjurii
808 591 860 613 sequi
875 590 1008 611 recusantibus,
1021 591 1101 608 scolares

179 629 218 640 suos
226 627 243 640 et
252 624 303 640 etiam
314 623 435 644 commititias,
446 626 464 640 et
478 623 546 640 eisdem
558 623 666 644 scolaribus,
678 623 693 640 si
703 624 813 640 contrarium
824 624 906 645 fecerint,
917 624 975 640 minas
986 623 1101 640 multimodas

178 656 271 677 inferendo,
293 656 392 673 inhibendo
413 656 544 673 nichilominus
564 656 642 673 bedellis
661 656 751 673 facultatis
768 662 801 673 sue
818 662 841 673 ne
858 656 939 679 ipsorum
960 656 1100 673 baccalariorum

178 689 258 706 lectiones
270 689 362 712 publicent
371 695 421 706 more
436 689 490 706 solito
505 689 534 706 vel
549 689 666 712 proclament.
683 690 704 706 Et
718 689 794 712 insuper
808 689 826 705 in
843 689 923 706 fraudem
938 689 982 706 dieti
998 689 1101 706 cancellarii

179 723 247 744 ejusque
254 722 321 745 jurium
336 725 353 738 et
366 721 470 738 libertatum
483 722 604 744 predictarum
620 722 694 739 cedulas
709 722 754 744 ipsis
769 722 882 743 baccalariis,
897 722 927 744 qui
941 722 968 739 eis
983 722 1099 743 adherebant,

178 755 222 778 quod
233 754 324 777 prolixiori
340 758 420 778 ternpore
434 754 518 777 legerent
531 760 583 777 quam
598 754 689 777 legissent
701 755 826 776 concedendo,
845 758 862 772 et
876 755 917 772 aliis
931 754 958 772 eis
975 754 1100 778 obtemperare

178 787 296 804 recusantibus
305 791 379 810 propter
389 790 455 804 metum
467 787 550 810 perjurii,
561 790 580 804 ut
593 788 690 810 prefertur,
700 787 775 804 cedulas
785 788 855 804 lecture
865 787 921 804 debiti
931 787 1020 810 temporis
1029 787 1101 804 tradere

178 820 283 843 denegando,
294 820 311 837 in
322 820 402 837 fraudem
413 820 456 837 dicti
466 820 570 837 cancellarii
580 823 598 837 et
608 820 769 837 examinandorum
779 820 920 837 baccalariorum
932 820 950 837 in
963 820 1047 837 facultate
1060 826 1101 843 pre-

178 853 225 870 dicta*
238 853 280 870 Item
295 859 317 870 ex
329 853 366 870 odii
381 853 443 870 fomite
458 853 543 870 commoti
553 853 589 870 nisi
603 853 671 870 fuerint
684 853 727 870 dieti
738 853 764 869 rei
779 853 797 870 in
812 859 849 870 non
859 853 947 870 modicam
962 853 1100 870 diminutionem

177 886 263 908 potestatis
273 886 316 903 dicti
326 886 428 903 cancellarii
438 886 493 902 alium
504 892 536 908 pro
550 892 605 909 posse
615 886 713 909 impetrare
725 886 863 903 distributorem
877 892 909 903 seu
921 886 1065 903 commissarium
1078 886 1101 903 ad

177 918 194 935 in
203 919 245 935 (licta
257 919 339 936 facultate
352 918 468 936 licentiandis
478 918 562 935 licentias
575 919 710 940 concedendas,
721 925 754 935 nec
764 925 801 935 non
815 922 833 935 et.
843 922 907 936 statuta
917 919 976 935 facere
987 925 1022 941 que
1032 919 1100 936 directe

178 955 215 969 sunt
228 955 287 969 contra
304 955 409 975 potestates,
425 952 518 969 libertates
532 955 549 969 et
562 952 670 969 sranchisias
684 952 787 969 cancellarii
802 955 820 968 et
835 952 942 969 cancellarie
960 952 1056 973 antedicte,
1074 952 1100 968 sic

177 988 275 1007 potestatem
286 985 328 1002 dicti
338 985 441 1002 cancellarii
451 991 488 1001 non
499 985 570 1002 modice
580 985 684 1007 deprimere
694 985 814 1002 intendendo.

216 1018 264 1039 Item,
277 1018 325 1040 qnod
340 1018 415 1041 predicti
429 1018 456 1034 rei
466 1021 484 1035 et
499 1018 602 1041 specialiter
616 1018 699 1040 magistri
714 1024 769 1041 supra
782 1018 870 1035 nominati
883 1018 967 1040 requisiti
983 1018 1052 1041 pluries
1066 1018 1100 1035 hoc

177 1056 218 1067 anno
228 1054 309 1073 presente
320 1057 341 1067 ex
351 1054 400 1074 parte
411 1051 454 1067 dicti
467 1051 570 1068 cancellarii
580 1051 621 1067 loco
631 1054 648 1067 et
659 1054 740 1073 tempore
753 1051 843 1073 congruis
856 1054 874 1067 et
886 1051 939 1068 etiam
954 1051 1100 1074 competentibus

177 1083 261 1106 sigillatim
273 1084 378 1100 nominatim
391 1087 409 1100 et
423 1083 441 1100 in
454 1084 553 1104 communi,
564 1087 583 1100 ut
596 1083 631 1106 ipsi
641 1087 769 1106 comparerent
781 1089 841 1100 coram
858 1083 906 1100 dicto
921 1083 1030 1100 cancellario
1045 1087 1099 1106 prout

177 1116 276 1133 tenebantur
285 1116 303 1133 in
313 1116 379 1133 virtute
389 1122 464 1133 suorum
477 1117 622 1139 juramentorum
637 1117 659 1133 ad
674 1116 807 1139 perhibendum
823 1117 946 1133 testimonium
962 1122 1018 1140 super
1032 1117 1101 1139 prefato

177 1149 256 1172 magistro
269 1149 363 1172 Alphonso
378 1149 400 1166 ‹le
411 1149 496 1172 Hispania
513 1153 556 1166 tunc
569 1149 669 1166 bnccalario
685 1150 795 1166 licentiando
809 1150 828 1166 in
843 1150 922 1172 predicta
933 1150 1024 1171 facultate,
1038 1150 1101 1167 venire

176 1182 297 1199 contumaciter
306 1186 413 1199 recusarunt
418 1183 429 1199 ⁷.

214 1215 241 1232 Sic
251 1215 269 1232 iu
281 1216 375 1238 premissis
385 1215 471 1232 omuibus
481 1219 499 1232 et
509 1216 588 1238 singulis
599 1216 617 1232 in
627 1216 686 1238 ipsum
696 1216 825 1233 cancellarium
837 1216 913 1238 ejusque
920 1217 963 1238 jura
976 1216 1101 1238 multipliciter

176 1248 291 1270 delinquendo
298 1251 403 1271 reatumque
412 1248 487 1271 perjurii
496 1248 620 1271 multipliciter
628 1249 739 1265 incurrendo
747 1249 874 1271 premissaque
882 1248 1009 1271 perpetrando,
1018 1249 1100 1265 faciendo

176 1284 192 1298 et
200 1281 309 1304 procurando
321 1282 339 1298 in
349 1281 408 1304 ipsius
418 1282 521 1298 cancellarii
532 1282 609 1304 ejusque
616 1282 694 1304 jurium,
704 1285 814 1304 potestatum
824 1286 842 1299 et
851 1282 955 1299 libertatum
965 1282 1100 1303 contumeliam,

176 1314 259 1337 injuriam,
277 1314 384 1337 vituperium
396 1314 417 1336 set
432 1314 545 1337 despectum,
563 1320 608 1337 quas
625 1315 702 1338 injurias
720 1315 768 1332 idem
784 1315 904 1332 cancellarius
918 1318 968 1332 actor
981 1315 1004 1332 ad
1021 1315 1099 1332 animum
