1273 1538
141 1091 228 1103 Docvuzura

152 1110 218 1121 ι-οτιοιυ,

164 1163 211 1177 Medic.

264 57 290 69 xn
554 57 715 69 CHARTULAMUM
733 57 827 69 umvzns.
845 58 909 70 Pinus.

266 95 380 114 baccalareus
391 95 409 113 in
422 95 513 120 theologia
523 97 569 118 erat;
581 96 639 114 solum
651 96 685 114 sub
695 96 747 114 Petro
757 96 779 114 de
790 95 872 118 Ailliaco,
881 96 919 120 ejus
930 100 1039 116 successore,
1054 101 1081 113 res
1091 96 1164 114 demum
1177 95 1200 113 ad

265 131 347 156 antiquas
356 132 428 156 regulas
436 131 556 156 redintegrata
561 131 604 150 est'.
613 132 694 150 Similem
702 132 829 156 negligentiam
837 132 894 151 adan.
903 133 949 150 1290
955 132 1027 155 quidem
1030 131 1068 155 jam
1076 131 1198 154 observamus,

265 173 307 185 cum
320 167 439 186 cancellarius
451 167 505 186 Puris.
519 168 541 186 ad
554 168 621 186 dandas
630 167 713 186 licentias
724 167 743 186 in
754 167 822 186 artibus
833 168 930 191 quemdam
938 167 1021 189 institnit,
1032 167 1064 191 qui
1074 173 1168 191 nunquam
1182 167 1200 185 in

265 203 332 221 artibus
342 203 443 222 licentiatus
454 205 500 226 erat;
510 204 540 222 sed
552 204 659 222 Universitas
670 205 709 222 tum
721 205 782 222 contra
795 203 922 221 cancellarium
933 203 1028 221 insurrexit
1042 204 1066 225 (n⁰
1074 204 1116 225 569,
1129 209 1147 227 p.
1159 203 1198 227 45).

266 240 328 258 Postea
339 239 445 258 substitutos
457 239 560 258 cancellarii
568 245 599 258 seu
607 239 743 258 subcancellarii
750 239 797 264 apud
807 240 825 258 S.
834 239 940 258 Genovesarn
950 239 1043 264 magistros
1051 238 1070 258 in
1079 238 1144 262 theol„
1153 239 1200 264 apud

265 276 348 294 Nostram
355 276 449 294 Dominam
458 275 526 294 baccal.
534 275 553 294 in
562 276 617 294 theol.
626 276 694 294 electos
703 276 782 294 videmus
790 275 831 300 (vid.
841 278 860 294 n⁰
869 277 923 298 1185,
931 275 964 300 (9),
973 277 1009 294 not,
1018 276 1042 298 8).
1052 276 1082 299 qui
1090 277 1151 294 tamen
1157 278 1200 294 tunc

265 312 351 336 temporis
360 317 431 336 semper
437 311 513 335 gradum
519 311 641 336 magistralem
648 311 666 330 in
675 311 742 330 artibus
749 311 841 330 consecuti
850 314 906 330 erant.

316 348 339 366 Ut
348 349 396 366 reete
404 347 426 365 de
435 347 464 365 his
472 347 557 366 omnibus
564 347 682 369 existimetur,
692 353 715 365 ne
722 347 786 365 modus
797 347 892 366 excedatur
902 346 961 365 decet*
971 348 1039 365 Causae
1049 353 1120 371 quoque
1131 349 1201 366 exterae

266 383 384 405 addebantur,
396 383 464 401 scilicet
471 383 520 401 bella
529 389 571 401 cum
579 383 661 401 Flandris
670 384 687 401 et
694 383 765 407 Anglis;
777 383 860 401 excitatio
869 383 970 401 animorum
979 383 1043 401 talibus
1052 383 1123 401 casibus
1131 389 1202 407 semper

267 419 353 443 adjuncta
367 418 441 437 minime
454 418 566 437 Universitati
582 419 653 443 profuit.
668 419 717 437 Idem
732 419 828 437 dicendum
842 419 864 437 de
877 418 951 437 terribili
965 418 1071 437 mortalitate
1085 425 1131 443 quae
1145 420 1200 437 totam

267 455 357 478 Europam
366 454 464 479 populavit.
474 454 533 473 Verba
538 454 600 473 decani
609 456 627 473 et
635 454 711 478 Capituli
719 454 773 473 Paris<
783 454 870 473 Clementi
877 455 901 473 Vl
911 460 967 479 papae
975 454 1118 477 lamentantium,
1128 454 1202 473 Univer—

266 490 313 508 sitati
320 490 377 508 Paris.
385 490 491 514 generaliter
500 491 584 514 adaptare
591 496 699 514 possumus:
710 498 718 506 «
725 491 773 514 quod
781 492 852 514 propter
859 490 992 513 mortalitatem,
1001 496 1036 514 que
1043 491 1080 509 Deo
1087 490 1202 514 permittente

266 525 356 544 civitatem
364 526 420 544 Paris.
432 528 450 544 et
461 528 521 550 partes
531 526 631 544 convicinas
642 526 712 548 invasit,
722 528 749 544 est
759 526 776 544 in
786 527 849 544 eadem
860 526 935 545 ecclesia
945 526 1044 545 diminutus
1053 532 1138 544 numerus
1147 526 1201 544 mini-

267 564 359 580 strorum„
371 561 440 586 (Suppl.
451 562 509 580 Clem.
520 562 552 584 Vi,
560 567 589 580 an.
601 563 619 584 8,
629 568 647 586 p.
657 563 674 584 2,
685 562 717 580 sol.
727 562 767 585 92¹²,
778 562 837 580 adan.
849 563 901 584 1349,
911 563 958 587 Sept.
970 563 994 586 9).

316 598 355 616 Non
363 603 427 615 omnes
439 597 513 622 insuper
524 597 542 616 in
551 597 668 616 Universitate
680 598 773 616 studentes
783 598 866 616 eamdem
876 598 921 616 viam
931 598 1022 622 ingressos
1033 604 1072 616 esse
1080 598 1202 616 confitendum

268 635 305 655 est;
314 635 419 657 supererant
425 635 461 651 tam
468 633 547 658 religiosi
555 639 608 657 quarn
616 633 716 652 saeculares
724 634 754 658 qui
762 633 822 652 animo
829 634 900 652 excelso
908 634 930 652 de
938 633 1011 653 scientia
1018 634 1056 652 sola
1064 634 1137 652 solliciti
1145 636 1201 652 erant,

268 669 351 687 Ceterum
364 669 518 693 quemadmodum
530 668 612 693 spiritum
623 669 709 693 antiquae
717 669 822 693 disciplinae
828 675 912 687 renovare
920 669 938 687 in
946 669 1032 688 membris
1040 669 1115 688 Ordines
1123 669 1203 694 religiosi

268 705 328 723 conati
335 706 383 727 sunt,
392 704 417 723 sic
424 705 457 723 Uni
460 704 533 723 versitas
540 706 558 723 et
564 704 645 729 singulae
653 705 754 723 Facultates
760 705 880 729 Nationesque
887 705 1045 729 prohibitionibus,
1051 705 1128 727 statutis,
1136 705 1203 729 regulis

268 741 339 759 ruinam
352 740 407 759 vitare
421 742 540 763 tentaverunt,
551 743 571 759 ut
583 741 601 759 in
614 741 649 759 hoc
661 741 753 759 volumine
767 741 853 759 videmus.
867 741 966 759 Fatendum
980 746 1051 765 quoque
1064 741 1203 759 consuetudines

268 777 325 795 bonas
333 778 350 795 et
360 776 482 795 institutiones
490 777 576 801 quasdam
586 777 659 795 saeculo
669 783 701 795 xiii
711 777 830 801 inauguratus,
842 777 898 801 magis
907 777 925 795 in
933 777 968 796 hoc
976 779 1055 801 tempore
1063 777 1147 796 formatas
1157 783 1201 795 esse.

268 812 350 837 Denique
358 812 437 837 Collegia
444 813 532 837 quaedam
540 812 639 831 saecularia
646 814 665 831 ut
672 814 760 831 Navarrae
767 815 785 831 et
793 812 889 836 Sorbonae,
896 812 985 838 imprimis
991 812 1089 835 Sorbonae,
1098 812 1202 831 seven‘oiem

268 848 381 873 disciplinam
392 850 427 866 tam
435 849 458 867 do
466 848 549 866 moribus
556 854 610 872 quam
621 849 644 866 de
652 848 727 867 scientia
739 848 758 867 in
771 854 812 867 suos
821 848 904 867 alumnos
915 850 1037 867 exercuerunt.
1050 849 1097 867 Haec
1107 848 1204 872 disciplina

267 884 379 908 ingeniorum
390 886 408 903 et
418 884 519 903 animorum
529 884 561 903 toti
570 884 680 903 Universitati
689 884 771 903 salutaris
779 884 819 907 suit,
828 886 846 903 et
853 884 952 903 w‘debimus
962 884 980 902 in
990 886 1048 903 aetate
1057 884 1152 908 posteriori
1163 885 1204 902 Sor-

268 920 335 939 bonam
343 920 471 945 hegemoniam
478 920 571 945 antiquam
579 920 701 939 Universitatis
711 920 766 939 Paris.
775 920 793 938 in
802 920 855 938 rebus
866 920 972 944 theologicis
980 920 1094 944 arripientem
1105 920 1204 943 oculosque

267 956 321 974 totius
331 956 412 980 Europae
421 956 444 974 ad
451 956 588 974 Universitatem
596 956 652 974 Paris.
661 956 788 975 attrahentem.

717 1021 758 1041 III

321 1088 432 1106 Documenta
445 1087 526 1105 nondum
536 1087 584 1106 edita
597 1087 626 1111 (de
638 1087 685 1105 notis
695 1087 741 1105 infra
754 1088 776 1106 [V
785 1087 838 1105 verba
848 1087 939 1112 iaciemus)
949 1087 1006 1105 multo
1017 1087 1069 1111 plura
1079 1087 1097 1104 in
1110 1086 1145 1105 hoc
1157 1087 1206 1105 volu-

272 1123 322 1141 mine
329 1129 384 1147 quam
394 1123 412 1141 in
419 1123 477 1147 primo
485 1123 542 1141 lector
550 1123 637 1145 inveniet;
645 1123 699 1141 liceat
704 1123 807 1147 graw‘ssima
815 1123 876 1141 saltem
885 1123 916 1141 hic
923 1129 1014 1141 recensere
1023 1129 1027 1141 2

321 1159 443 1176 instrumenta
451 1158 473 1176 de
478 1158 614 1182 probationibus
622 1158 734 1177 medicorum
740 1158 763 1183 (11ι
769 1160 811 1181 801,
819 1160 861 1181 826,
869 1159 912 1181 839,
918 1159 961 1181 852,
968 1159 1045 1182 882),de
1053 1157 1206 1181 disputationibus

275 1199 338 1212 eorum
347 1196 378 1216 (11“·
387 1195 438 1215 1029)
444 1200 449 1215 3
455 1193 477 1212 de
484 1194 525 1212 viu's
533 1194 559 1212 vel
569 1194 640 1212 seminis
645 1194 754 1212 medicinam
761 1193 823 1212 illicite
830 1194 968 1218 practicantibus
976 1194 998 1216 (n¹
1006 1194 1040 1212 693
1049 1199 1096 1217 sqq..
1109 1194 1130 1211 81
1136 1193 1207 1216 1-817),

275 1235 321 1254 quae
331 1235 433 1254 quanquam
444 1229 534 1247 fastidiosa
544 1229 662 1248 similitudine
669 1229 763 1254 aliquoties
772 1229 874 1253 displicent,
885 1231 944 1248 tamen
952 1229 1010 1247 multa
1017 1229 1039 1248 de
1046 1228 1116 1247 statutis
1123 1228 1185 1252 priscis
1193 1230 1209 1246 et

279 1265 341 1283 usibus
352 1265 448 1284 Facultatis
459 1265 560 1284 medicinae
568 1265 676 1289 jamdudum
688 1265 757 1284 amissis
767 1271 799 1283 nos
811 1265 886 1286 doeent3
899 1266 952 1289 atque
963 1271 984 1283 ea
994 1270 1039 1290 quae
1050 1264 1101 1283 litem
1112 1264 1209 1288 respiciunt

326 1332 338 1344 ι.
347 1331 366 1344 ne
373 1331 406 1344 nri·
414 1331 521 1344 cancul-riorum
528 1326 545 1344 vj
549 1331 587 1347 iun-1,
594 1331 618 1344 111.
