1273 1538
193 62 235 80 ¹322]
378 65 400 76 ΑΒ
416 66 468 77 ΔΝΜ)
485 65 602 77 neci-xxxvi
619 65 685 79 usque
702 65 725 76 An
742 64 811 76 inmun
828 63 898 75 ιιιῑκκιι,Δ
1067 55 1100 72 263

191 118 239 136 814,
249 122 331 139 Argamum
338 120 399 133 lambac
406 120 457 133 Fetiale
464 119 515 132 illicite
521 120 617 137 practicam:
625 121 675 132 aarum
682 119 773 132 decommum
780 118 856 135 magistros
863 117 939 134 facultatis
947 116 1026 130 mammae
1033 116 1080 129 Paris,

739 159 776 174 7³22,
784 158 857 172 nomam
862 158 874 173 2,
881 157 957 175 [Parisiisy.

228 198 261 214 Hee
277 200 317 213 sunt
331 191 408 212 rationes
425 201 469 218 quas
486 195 530 212 dicit
546 199 564 212 et
579 195 665 218 proponit
681 195 699 212 in
713 195 783 217 jndicio
800 200 859 211 coram
875 194 927 211 vobis
943 193 1041 211 venerabili
1058 193 1097 211 vire

190 229 266 251 magistro
278 228 356 245 Johanne
370 228 392 244 de
406 227 452 244 Villa
464 228 551 244 Pal-isiaca
566 228 639 248 clerico,
653 230 693 248 etc„
706 228 725 243 in
739 233 793 244 causa
806 231 853 244 mota
867 233 889 243 ex
903 230 952 249 parte
966 226 1096 243 venerabilium

189 263 259 278 virorum
269 261 330 277 decani
340 264 358 277 et
367 261 492 283 magistrorum
503 260 521 276 in
531 263 569 277 arte
579 260 667 277 medicine
678 263 740 277 contra
750 260 829 277 nobilem
840 260 934 277 mulierem
944 260 1034 277 dominam
1045 261 1096 277 Jaco-

189 294 223 310 hau:
235 293 302 313 Felieie,
314 293 359 309 dicta
371 293 435 309 Jacuba
447 295 509 309 eontra
519 293 578 309 dictos
590 293 677 309 decanum
688 296 706 309 et
716 293 813 314 magistros
823 293 931 315 eorumque¹
944 293 1095 316 procurationem,

188 326 288 348 petitionem,
298 325 410 341 monitionem
421 328 439 341 et
451 324 585 345 inhibitionem,
596 324 662 347 quihus
673 328 748 341 utuntur
757 328 819 342 contra
829 325 886 348 ipsam
896 331 927 342 sen
938 326 964 342 nti
974 326 1055 342 nituntur
1065 331 1097 348 per

187 357 250 374 modum
260 357 352 379 cujuslibet
362 357 485 373 deffensionis.

224 389 278 406 Primo
288 389 330 406 dicit
338 395 341 405 :
351 395 386 405 non
394 392 464 406 tenetur
471 395 531 406 coram
540 389 592 406 vobis
600 395 632 406 seu
641 389 695 406 dictis
703 389 794 412 magistris
804 390 903 412 procedere
911 390 932 407 nd
942 390 1020 413 aliquem
1030 395 1095 411 actum,

186 422 216 438 nisi
225 422 271 444 prius
280 421 314 438 sibi
323 421 366 438 sacta
376 421 429 438 suerit
439 421 485 438 sides
495 422 517 438 de
525 422 653 443 jurisdictione
664 425 730 442 vestra,
741 422 870 439 commissione
880 422 932 439 vobis
944 423 996 444 sacta,
1006 429 1026 440 ac
1035 423 1095 440 deere-

185 453 240 470 reritis
248 453 313 476 copiam
323 454 345 470 de
355 453 415 470 eadem
426 453 493 470 debere
504 453 543 470 fieri
553 454 611 470 eidem
622 454 698 476 petenti.

223 486 263 502 Item
270 485 311 502 dicit
319 486 365 508 quod
373 492 413 502 cnm
421 486 508 508 magistro
516 485 597 502 Jolmnne
605 486 628 502 de
636 486 701 502 Sancto
709 486 783 503 Nicolao
791 486 865 507 clerieo,
873 490 948 509 gerente
959 493 978 503 se
988 493 1020 509 pro
1031 493 1096 510 procu-

186 521 236 534 ratore
245 517 328 534 dictorum
342 518 404 534 decani
417 522 434 535 et
446 518 580 540 magistrorum,
595 524 632 535 non
645 521 717 535 tenetur
730 519 829 541 procedere
843 519 877 535 nisi
889 519 940 541 prins
950 519 996 536 fides
1006 519 1041 535 sibi
1051 520 1096 536 facta

185 550 241 571 [suerit]
250 550 271 566 de
280 550 360 567 mandato
370 556 379 567 a
389 551 467 567 dominis
478 551 517 567 suis
527 550 562 567 sihi
572 556 667 567 concesso.

221 582 261 598 item
276 588 310 598 non
324 583 425 599 recedendo
438 588 447 598 a
460 583 555 605 predictis,
570 583 602 600 sed
616 583 677 605 potius
692 583 797 600 adherendo
812 584 888 605 eisdem,
903 589 958 606 super
972 583 1039 606 quibus
1052 584 1097 606 petit

184 619 218 633 ante
230 616 284 633 omnia
296 617 398 639 interloqui,
412 617 456 633 dicit
469 617 515 634 dicta
528 617 593 634 Jacoba
607 617 656 639 quod
670 617 686 633 si
700 623 778 640 unquam
793 621 885 638 statutum,
901 618 1000 638 decretum,
1014 618 1096 638 monitio,

184 648 257 665 inhibitio
269 651 287 664 et
298 649 462 669 excommunicatio,
478 649 545 671 quibus
559 649 602 666 dicti
616 649 696 666 decanus
709 653 728 666 et
740 650 821 672 magistri
834 650 859 666 uti
873 650 954 666 nituntur
966 652 1029 666 contra
1039 649 1095 671 ipsam

183 680 263 701 Jacobam,
278 681 348 697 suerunt
364 681 415 702 facte,
432 681 466 697 hoc
482 681 516 698 suit
532 681 588 697 semel
606 681 697 698 dumtaxat
713 684 787 704 propter
804 685 822 698 et
838 685 900 698 contra
916 681 987 703 ydiotas
1004 684 1022 697 et
1037 681 1096 698 fatuos

183 713 253 735 ignaros,
266 713 369 735 insipientes
385 716 440 730 artem
454 713 579 730 medicinalem
593 717 611 730 et
624 714 663 738 ejus
677 717 762 736 precepta
775 713 853 730 totaliter
867 714 973 735 ignorantes
987 716 1096 735 usurpantes

183 745 251 762 officium
263 745 361 767 practieale,
376 746 397 762 de
412 751 489 768 quorum
505 746 589 762 numer0¹
604 746 651 762 dicta
665 746 732 762 Jacoba
746 749 775 762 est
789 749 877 768 exempta,
891 749 909 762 et
921 745 940 761 in
954 748 992 761 arte
1007 745 1097 762 medicine

182 781 245 800 experta
259 780 275 794 et
288 778 306 794 in
320 778 409 800 preceptis
424 778 471 794 dicte
485 778 529 794 artis
543 778 637 794 instructa.
652 778 729 800 Propter
744 783 779 800 que
794 781 887 798 statutum,
900 778 999 797 decretum,
1015 777 1097 798 monitio,

182 809 255 826 inhibitio
265 813 282 826 et
290 810 447 826 excommunicatio
458 810 539 833 predicte
549 815 586 826 non
597 810 654 833 ligant
664 816 698 826 nec
708 809 766 832 ligare
776 813 854 832 possunt
864 809 947 829 eandem,
960 809 1002 831 quia
1014 812 1098 825 cessante

182 848 227 858 causa
236 845 291 858 cessat
299 842 380 862 effectus,
390 846 407 858 et
417 842 498 864 predicta
508 842 553 858 vicia
563 834 637 859 cessant
646 842 664 858 in
674 842 720 864 ipsa.
731 842 798 863 Quare,
807 844 839 858 etc.

218 875 258 891 Item
268 874 312 891 dicta
322 877 405 890 statutum
416 877 434 890 et
443 874 544 894 decretum,
553 877 594 894 etc„
602 874 676 890 suerunt
685 874 731 890 sacta
741 877 816 896 propter
826 877 844 890 et
853 877 915 890 eontra
925 873 1017 896 predictos
1027 872 1098 895 ydiotas

181 910 196 923 et
204 907 256 923 fatuos
269 909 374 929 usurpantes
388 909 405 923 et
418 906 448 928 qui
462 909 505 923 tunc
518 910 569 923 erant
583 906 664 923 Parisius
679 906 758 923 officium
769 905 866 929 practicale
876 908 989 926 exercentes,
1003 905 1034 927 qui
1044 905 1099 922 modo

181 939 237 955 mortui
247 941 286 955 sunt
295 941 324 955 aut
334 938 379 955 adeo
392 938 480 961 decrepiti
492 941 511 954 et
522 938 598 960 antiqui,
609 938 658 960 quod
669 944 705 954 non
716 941 794 960 possunt
804 938 872 954 dictum
885 938 963 954 officium
976 943 1069 957 exercere,
1079 941 1099 954 ut

180 975 243 993 apparet
255 977 286 993 per
298 974 377 987 tenorem
391 970 480 987 dictorum
493 971 554 987 statuti
565 973 583 987 et
592 970 668 989 decreti,
678 973 718 989 etc..
730 976 765 992 que
777 970 853 986 fuerunt
864 970 916 990 sacta.v
926 973 998 986 centurn
1009 970 1045 986 duo
1056 970 1099 986 anni

181 1006 216 1020 sunt
224 1003 292 1026 elapsi’,
302 1009 336 1025 quo
347 1006 427 1025 tempore
441 1008 473 1019 ncc
484 1003 608 1025 postmodum,
618 1008 651 1025 per
661 1003 755 1025 sexaginta
766 1002 840 1023 annos⁸,
851 1002 918 1019 Jacoba
926 1008 963 1019 uon
974 1005 1011 1019 erat
1021 1008 1055 1019 nec
1065 1002 1099 1019 fuit

180 1035 196 1052 in
206 1041 260 1052 rerum
272 1039 338 1056 natura,
352 1035 387 1051 imo
398 1035 479 1057 juvenis,
492 1038 555 1057 utpote
567 1035 642 1057 triginta
655 1040 744 1051 annorum
754 1034 783 1051 vel
793 1035 838 1051 eitra
851 1038 885 1053 est.
898 1038 918 1051 ut
930 1038 1004 1057 apparet
1016 1040 1048 1057 per
1058 1035 1098 1057 ejus

180 1071 267 1090 aspectum.
277 1068 340 1089 Quare,
350 1070 383 1084 etc.

217 1101 258 1116 Item
271 1100 289 1116 in
301 1100 353 1116 dictis
366 1103 432 1116 statuto
445 1103 464 1116 et
476 1100 557 1120 decreto,
571 1102 612 1120 eta,
625 1100 743 1116 continentur
756 1100 791 1116 ista
805 1100 870 1117 verba:
878 1107 887 1116 α
895 1100 991 1117 sumimus
1005 1103 1023 1117 et
1035 1101 1100 1117 decre-

179 1132 245 1149 vimus»
253 1136 270 1149 et
282 1133 315 1149 ista
327 1132 424 1154 important
433 1136 451 1149 et
460 1132 559 1155 designant
572 1135 644 1155 tempus
657 1133 716 1154 majus
729 1136 747 1149 et
756 1132 831 1155 longius
842 1139 874 1149 seu
888 1133 981 1155 antiquius
991 1139 1044 1156 quam
1055 1133 1099 1149 dicti

179 1168 241 1181 centum
250 1165 284 1181 duo
294 1165 341 1185 anni,
352 1165 374 1181 de
384 1171 419 1187 quo
429 1168 512 1187 tempore
522 1165 621 1187 antiquiori
631 1164 681 1182 nulla
690 1165 737 1182 fides
747 1165 792 1182 sacta
803 1169 838 1186 est,
848 1171 888 1182 nam
899 1166 946 1182 dicta
956 1165 1011 1182 verba
1021 1171 1099 1189 presup-

179 1200 240 1219 ponunt
254 1197 300 1219 qnod
315 1196 359 1213 alias
375 1198 437 1220 quam=
454 1201 537 1220 ternpore
553 1198 674 1214 consectionis
691 1197 809 1219 litterarum‘,
827 1198 900 1215 suerunt
917 1198 963 1215 dicta
979 1201 1064 1215 statutum
1080 1200 1099 1214 et

179 1229 261 1246 decreuit-n
272 1229 321 1246 facia.
335 1229 388 1246 Modo
401 1230 426 1246 ita
437 1233 465 1247 est
478 1230 501 1247 de
512 1231 555 1253 jure
568 1230 630 1253 [quod,
644 1231 725 1253 quando]
737 1231 805 1247 faciunt
818 1230 929 1247 mentionem
943 1231 965 1247 de
979 1230 1019 1247 aliis
1032 1230 1099 1247 litteris

178 1265 204 1278 aut
214 1262 257 1278 sacto
266 1262 330 1285 aliquo,
343 1262 395 1284 eujus
407 1262 449 1279 sacti
463 1263 511 1280 fides
525 1263 581 1280 debet
593 1263 634 1280 fieri
647 1269 704 1286 super
715 1263 758 1285 hoc,
773 1267 792 1280 ut
806 1266 881 1286 apparet
889 1269 893 1280 z
901 1270 910 1279 α
919 1263 938 1280 Si
951 1263 993 1286 quis
1005 1263 1025 1280 in
1036 1263 1098 1286 aliquo

178 1294 284 1311 document&
294 1301 310 1315 κ,
319 1297 350 1312 etc.
361 1295 428 1316 Quare,
436 1299 470 1313 etc.
