1273 1538
187 58 229 76 1341]
376 63 399 74 an
416 62 468 73 auno
485 62 602 73 ucczxxxw
620 62 685 76 usquc
702 62 726 73 Λι)
743 62 812 73 Annum
829 62 899 74 necet*
1070 57 1102 73 517

185 106 231 123 quani
242 102 304 120 rector⁷
313 99 328 116 si
338 105 374 116 non
384 98 474 115 inveniret
484 98 571 115 decanum
581 97 670 115 facultatis
681 98 772 120 theologie
783 104 815 120 pro
824 101 904 120 tempore
914 98 936 114 ad
948 98 1021 115 domum
1033 98 1102 115 habita-

185 134 234 150 tionis
242 138 274 149 sue
282 132 305 148 ad
314 131 453 154 significandum
464 131 499 148 sibi
509 131 670 154 congregationem
682 131 786 154 generalem
796 134 814 147 et.
823 131 908 147 articulos
919 137 973 153 super
983 131 1049 153 quibus
1061 131 1102 148 fieri

185 165 258 185 deberet,
265 165 287 181 ad
295 165 397 182 evitandum
405 164 527 186 fatigationem
535 164 618 185 rectoris,
624 164 658 180 hoc
666 164 701 186 ipsi
709 164 777 180 decano
784 169 816 186 per
824 164 905 180 cedulam
913 164 941 180 vel
950 164 1041 184 familiam,
1048 170 1100 186 quam

184 199 199 215 in
209 198 258 215 domo
266 197 358 219 reperiret,
370 200 422 219 prout
433 200 494 219 posset
503 197 567 213 melius
578 197 624 218 fieri,
635 197 752 219 significaret,
764 200 783 213 ut
792 196 815 213 lis
825 197 904 219 predicta
913 197 995 213 securius
1003 197 1101 219 sopiretur,

184 234 199 247 et
209 231 253 247 inter
263 230 311 252 ipsas
323 230 368 246 duas
381 229 474 246 facultates
488 236 524 246 non
539 230 609 247 veniret
622 236 677 252 super
690 229 724 246 hoc
736 230 860 246 controversia
873 230 892 246 in
905 230 991 246 futurum.
1007 230 1028 247 Et
1042 230 1101 246 statim

184 263 262 285 maff'ster
269 263 333 285 Symon
345 263 444 285 respondit,
456 263 504 285 quod
514 263 554 285 ipse
564 266 657 280 vocaverat
667 262 732 280 dictam
742 262 843 280 facultatem
857 263 949 285 theologie
962 269 1017 285 super
1030 263 1071 283 hoc,
1084 266 1102 279 et

183 296 226 318 quod
235 296 313 318 magistri
322 295 403 318 ejusdem
413 299 499 313 venerant
510 299 527 312 et
537 299 587 313 erant
597 296 704 318 congregati
714 296 732 312 in
743 296 789 312 dicta
798 296 851 312 domo
862 296 921 312 Sancti
929 296 1021 316 Maturini,
1028 299 1046 312 et
1052 296 1101 318 quod

182 328 254 345 libenter
262 328 366 351 loqueretur
376 334 431 351 super
441 328 475 345 hoc
485 335 525 345 cum
536 329 611 345 eisdem⁴

222 362 242 378 Et
256 361 373 379 incontinenti
384 361 443 378 dictus
456 362 543 384 magister
557 362 624 384 Symon
635 368 677 378 cum
687 362 761 385 prefatis
774 362 865 384 magistris
877 362 895 378 iu
905 362 996 385 theologia
1007 362 1042 378 sibi
1055 362 1101 378 assi-

182 394 265 411 stentibus
278 397 394 411 accesserunt
406 394 428 411 ad
441 394 505 411 dietam
517 394 618 411 facultatem
629 394 721 417 theologie
736 398 753 411 et
766 394 862 417 magistros
875 395 956 417 ejusdem
970 395 1068 411 existentes
1083 395 1102 411 in

182 427 254 443 claustro
262 427 307 444 dicte
315 427 386 447 domus,
392 427 412 443 in
418 427 459 444 loco
468 427 499 443 ubi
504 427 602 443 Normanni
611 427 670 444 facere
679 430 814 444 consueverunt
821 427 965 444 deliberaciones
973 433 1021 448 suus,
1029 428 1101 450 quando

182 459 317 482 fitcongregatio
327 459 424 482 generalis.
436 460 457 476 Et
467 460 513 476 dicta
525 460 599 476 facultas
609 460 673 476 artium
683 460 768 476 remansit
778 460 796 476 in
807 460 854 476 dicto
862 460 947 482 capitulo,
956 463 973 476 et
981 460 1018 482 ipsa
1026 460 1045 476 in
1053 460 1101 476 dicto

182 492 253 515 capitulo
262 498 294 515 per
304 493 386 509 nationes
394 498 444 509 more
452 492 507 509 solito
515 492 572 509 divisa
580 492 602 509 ad
611 492 749 509 deliberandum
756 498 812 515 super
818 492 919 515 premissis,
929 495 945 509 et
954 496 1015 515 postea
1024 493 1101 509 invicem

182 525 261 542 redeunte
269 528 286 542 et
293 526 348 546 nnita,
357 531 377 542 ac
385 525 500 547 postmodum
509 525 556 541 dicta
565 525 649 542 facultate
657 525 721 542 artium
730 528 748 542 et
756 525 836 548 predicta
844 525 927 542 facultate
935 525 1027 547 theologie
1035 525 1102 542 habitis

182 557 334 574 deliberationibus
345 558 396 580 prius
406 557 524 580 singulariter
534 557 552 574 in
563 558 640 578 eisdem,
651 557 736 574 videlicet
750 558 769 574 in
783 557 864 580 qualibet
876 557 956 580 ipsarum
970 563 1002 580 per
1013 563 1032 574 se
1046 563 1102 580 super

181 590 274 613 premissis,
285 594 301 607 et
311 590 372 607 denuo
380 590 454 607 insimul
465 590 588 612 congregatis⁷
597 590 644 607 dicta
652 590 727 607 facultas
736 590 828 613 theologie
836 596 868 613 per
878 590 999 607 venerabilem
1008 590 1100 607 doctorem

181 623 277 645 magistrum
286 623 394 639 Bertaudum
408 623 474 639 Sorelli
489 623 587 645 predictam
598 629 649 639 suam
660 623 810 639 deliberationem
822 623 938 645 pronunciari
951 623 994 639 fecit
1005 626 1023 639 et
1034 623 1070 640 dici
1084 626 1102 639 et

181 656 278 678 responderi
289 656 361 672 nomine
371 655 419 672 dicte
429 655 518 672 facultatis
530 655 622 678 theologie
632 658 650 672 et
660 655 774 678 singulorum
785 656 912 678 magistrorum
921 656 1002 678 ejusdem
1010 661 1066 678 super
1073 656 1101 672 via

180 688 257 711 superius
266 691 349 711 pretacta,
361 688 410 711 quod
420 688 466 705 dicta
476 688 551 705 facultas
562 688 655 710 theologie
664 694 685 705 ac
695 689 775 705 decanus
784 694 805 705 ac
815 688 897 711 magistri
910 689 991 711 ejusdem
1004 694 1037 711 pro
1049 694 1069 705 se
1084 692 1103 705 et

179 721 255 737 facultate
266 727 297 737 sun
311 721 391 743 predicta
404 721 498 737 voluerant
512 724 529 737 et
542 721 677 741 ordinaverant,
690 727 710 738 ac
724 727 757 743 pro
771 721 819 738 bono
833 721 881 743 pacis
894 721 984 742 volebant,
998 721 1102 737 consentie—

179 754 217 771 bant
226 757 242 770 et
250 753 360 775 ordinabant,
372 759 392 770 ac
402 754 468 770 suturis
479 753 593 776 temporibus
602 759 635 776 pro
646 759 665 771 se
676 757 694 771 et
705 754 744 770 suis
754 754 893 771 successoribus
904 753 997 771 observari
1009 754 1101 774 volebant,

179 790 272 803 statuerunt
283 790 301 803 et
310 787 419 807 statuebant,
430 786 562 803 deliberatione
572 792 628 809 super
638 786 667 803 his
678 786 737 804 habita
748 787 838 809 diligenti,
849 787 898 809 qnod
908 787 923 803 si
936 790 995 803 rector
1004 787 1035 809 qui
1046 790 1074 803 est
1084 790 1102 803 et

179 820 205 842 qui
215 820 247 836 erit
256 826 288 842 pro
297 823 386 842 tempore,
398 819 496 836 accesserit
505 819 552 836 bona
561 819 604 839 fide,
615 823 632 836 et
642 819 711 842 absque
721 819 784 836 fraude
792 823 810 836 et
818 819 860 836 dolo
870 820 892 836 ad
902 820 973 836 donnum
986 819 1102 836 habitationis

178 852 234 869 decani
245 852 333 869 facultatis
344 852 437 874 theologie
447 852 556 868 Parisiensis
567 857 600 874 pro
612 855 700 874 tempore,
714 852 757 869 hora
768 858 802 874 qua
814 852 853 874 ipse
864 852 944 869 decanus
956 852 975 869 in
987 852 1033 869 dicta
1047 852 1101 869 domo

178 891 205 902 sua
215 885 331 907 personaliter
341 891 377 901 non
386 885 447 905 fuerit,
458 888 475 901 et
486 891 518 907 per
528 885 563 901 hoc
573 885 632 907 ipsum
643 884 732 901 decanum
743 885 803 902 dictus
814 888 873 901 rector
883 891 918 901 non
927 885 993 907 poterit
999 885 1017 901 in
1026 891 1046 901 ea
1053 885 1102 902 inve-

178 918 218 939 nire,
227 917 274 940 quod
284 918 361 934 sufficiet
370 917 437 934 rectori
447 917 539 934 dimittere
547 923 600 934 unani
611 917 694 934 cedulam
705 917 801 940 sigillatam
810 918 828 934 in
837 918 882 934 dicta
894 918 947 934 domo
958 924 1013 940 penes
1027 918 1068 934 illos
1079 917 1102 934 de

177 951 235 967 familia
245 950 287 967 dicti
296 950 366 971 decani,
378 950 409 973 qui
422 950 440 966 in
451 950 490 972 ipsa
501 949 554 967 domo
566 950 633 973 reperti
647 950 721 971 fuerint,
732 950 751 966 in
762 956 796 972 qua
807 949 871 967 cedula
881 949 925 967 hora
938 956 973 972 qua
983 951 1101 973 congregatio

177 984 260 1006 generalis
267 987 285 1000 et
292 983 361 1000 articuli
372 989 428 1005 super
438 982 505 1006 quibus
513 983 553 1000 fieri
562 983 661 1003 debebam,
669 983 818 1000 continebuntur,
827 983 848 999 Et
856 983 940 1000 similiter
950 986 968 1000 et
974 983 1039 1000 eodem
1047 984 1101 1000 modo

176 1017 265 1033 voluerunt
278 1020 295 1033 et
307 1019 408 1033 statuerunt
422 1016 445 1032 de
456 1016 543 1038 magistro
557 1016 575 1032 in
591 1016 667 1037 artibus,
685 1016 716 1039 qui
727 1016 768 1032 loco
778 1015 821 1032 dicti
832 1016 908 1033 rectoris
918 1016 1018 1033 secundum
1032 1022 1101 1033 morem

176 1049 242 1066 solitum
251 1049 273 1066 ad
283 1049 316 1066 hoc
327 1049 381 1066 fuerit
389 1049 493 1071 deputatus.

215 1083 294 1099 Preterea
305 1082 352 1099 dicta
361 1082 437 1099 facultas
448 1081 512 1098 artium
523 1081 675 1098 deliberationem
685 1088 736 1099 suam
745 1088 800 1105 super
808 1081 904 1104 premissis
914 1082 993 1099 reddidit
1000 1085 1018 1099 et
1026 1088 1102 1105 respon-

176 1114 210 1131 deri
219 1115 260 1131 fecit
269 1120 300 1137 per
310 1115 417 1137 magistrum
427 1114 528 1131 Iohannem
540 1118 630 1131 rectorem
640 1114 743 1137 predictum
753 1115 772 1131 in
784 1114 832 1131 hunc
845 1114 926 1136 modum,
938 1115 988 1137 quud
1000 1115 1042 1132 licet
1055 1114 1102 1131 dicta

175 1147 243 1164 facultas
253 1153 289 1164 non
301 1147 363 1164 credat
373 1153 407 1164 nec
421 1148 499 1164 fateatur
509 1153 529 1164 se
543 1148 611 1170 injuste
625 1139 687 1164 contra
702 1148 770 1164 dictum
783 1147 889 1170 magistrum
903 1148 999 1170 Syrnonem
1011 1148 1030 1164 in
1044 1151 1103 1170 prete-

176 1180 223 1196 ritum
232 1180 344 1203 aliquatenus
352 1180 474 1203 processisse,
483 1186 518 1205 'nec
529 1180 563 1197 hoc
574 1180 612 1203 ipsa
624 1180 706 1201 facultas,
715 1183 802 1203 quantum
812 1184 839 1197 est
847 1180 865 1197 in
874 1186 901 1201 se,
910 1184 983 1197 revocet
990 1180 1008 1196 in
1019 1180 1102 1201 dubium,

176 1213 212 1234 quia
224 1217 281 1230 tamen
292 1213 342 1230 dubii
355 1217 398 1230 sunt
409 1217 485 1230 eventus
493 1213 612 1235 judiciorum,
624 1216 699 1236 propter
710 1213 785 1230 dubium
798 1216 883 1230 eventum
895 1213 1006 1235 judiciorum
1020 1213 1054 1229 et¹¹
1065 1213 1102 1230 litis

175 1245 264 1267 pendentis
283 1251 337 1268 super
356 1246 452 1268 premissis
467 1246 514 1263 inter
530 1249 590 1269 partes
609 1246 700 1268 predictas
716 1246 780 1263 dictam
796 1246 947 1269 supplicationem
965 1246 1007 1262 dicti
1021 1246 1103 1269 magistri

176 1277 252 1300 symonis
264 1284 296 1301 pro
307 1279 355 1296 bono
365 1279 415 1302 pacis
424 1283 441 1296 et
451 1286 512 1296 amore
525 1279 583 1302 ipsius
594 1279 677 1302 magistri
688 1279 773 1302 Symonis
784 1283 802 1296 et
812 1279 901 1296 facultatis
911 1279 1004 1303 theologie
1014 1279 1103 1302 predicte,

175 1314 253 1333 quantum
263 1311 285 1327 ad
294 1316 362 1334 partein
373 1312 392 1328 in
402 1318 437 1334 qua
447 1312 562 1335 supplicabat
573 1312 597 1329 de
607 1312 672 1334 gratia,
685 1312 791 1329 admittebat
805 1316 822 1329 et
832 1313 914 1335 placebat
924 1313 983 1335 ipsum
996 1313 1102 1336 magistrum
