1273 1538
189 61 231 79 1332]
377 66 399 77 n
417 66 469 77 anno
486 66 603 77 MCCLXXXV!
621 65 686 80 usqur:
703 66 727 77 im
744 66 813 78 annun
830 66 902 77 mcccl„
1071 59 1102 76 39¹1

187 135 236 154 938.
247 139 312 153 Familias
320 139 398 152 medicinae
406 138 464 152 ordinat
471 140 486 151 u!
494 138 561 155 magistri·
568 140 582 151 er
589 138 673 151 bauaima
680 138 694 151 iri
701 138 768 156 expensi,
775 138 852 155 facultatis
860 138 955 151 contribuam>

759 190 795 205 7³³2,
803 190 862 203 amm·
868 190 879 205 7,
886 189 950 207 [mma
950 190 963 207 J.

225 234 281 250 Sciant
292 239 354 250 omnes
367 233 448 255 magistri
461 236 495 249 tum
507 236 593 255 regentes
605 239 658 255 quam
672 239 707 250 non
720 236 805 256 regentes
815 233 863 256 quod
874 233 903 250 die
914 233 975 250 martis
987 236 1028 256 post
1037 233 1101 250 festum

186 266 278 290 Epiphania
290 266 362 283 Domini
372 266 390 283 in
401 266 454 283 domo
468 266 551 288 maffl‘stri
565 266 661 289 Reginaldi
675 266 696 283 de
709 266 825 287 Cornemare,
839 270 924 289 quantum
939 267 961 283 ad
973 272 1049 289 presens
1059 266 1102 283 sub-

184 299 234 316 stituti
244 299 283 316 loco
293 299 355 316 decani
366 299 383 316 in
394 298 477 315 facultate
488 299 585 319 medicine,
597 299 671 316 fuerunt
680 302 775 322 presentes
785 299 866 322 magistri
876 299 968 316 Johannes
978 299 1027 323 Pipet
1038 300 1102 317 Petrus

185 332 204 349 de
218 332 307 352 Alvernia,
326 332 426 354 Stephanus
444 331 466 348 de
483 332 577 354 Nogento,
596 332 698 354 Stephanus
715 332 737 348 de
753 332 880 353 Calvomonte,
900 332 1005 356 Radulphus
1021 332 1101 350 Pinchon

184 364 278 388 specialiter
292 365 371 387 deputati
385 370 393 381 a
406 364 489 381 facultate
504 364 595 381 medicine
605 365 624 381 in
634 365 711 387 quadam
723 365 872 387 congregatione,
885 365 904 382 in
914 371 948 388 qua
959 366 1032 383 fuerunt
1044 366 1100 383 vocati

184 401 214 414 tam
226 400 307 420 regentes
321 403 373 420 quam
387 403 423 413 non
438 400 531 419 regentes,
541 401 561 414 ut
575 397 630 414 moris
644 400 678 418 est,
692 403 724 420 per
734 397 816 414 cedulam
828 397 850 414 ad
860 398 980 415 ordinandum
993 402 1011 415 et
1019 398 1041 415 ad
1051 399 1101 415 inve>

183 430 261 447 niendum
276 436 338 447 omnes
353 429 416 446 modos
431 432 449 446 et
462 435 526 446 omnes
540 430 579 446 vias
592 430 691 447 secundum
705 436 751 452 quos
763 430 838 447 facultas
850 430 931 453 predicta
943 434 1004 453 posset
1015 431 1100 447 resistcre

183 463 237 479 debito
252 462 304 479 modo
319 466 380 479 eontra
394 462 497 485 gravamina
511 462 644 485 quamplurima
656 463 704 479 illata
719 463 754 485 ipsi
767 462 845 479 facultati
855 469 865 479 a
875 463 982 479 cancellario
996 463 1099 480 Parisiensi.

182 496 201 512 Et
210 495 247 518 quia
261 495 307 512 istud
322 501 357 512 non
371 498 430 518 potest
445 495 484 512 fieri
499 495 539 512 sine
554 496 637 518 pecunia,
650 496 692 512 ideo
706 495 790 512 omnibus
803 495 901 518 diligenter
913 495 1032 512 consideratis
1042 496 1099 512 visum

181 528 210 545 fuit
219 528 301 551 predictis
315 528 406 551 magistris
420 534 452 550 pro
466 534 531 551 magua
542 528 663 551 expedientia,
676 528 724 551 quod
739 528 815 551 quilibet
827 528 914 551 magister
925 532 958 545 tam
969 534 1035 551 regens
1047 534 1098 551 quam

181 566 212 578 non
225 566 288 583 regens
300 560 379 577 solveret
391 560 483 577 dimidiam
494 560 567 577 bursam
578 560 657 577 fideliter
667 564 685 577 et
694 561 794 577 secundum
805 567 855 577 suam
866 561 995 578 conscientiam
1007 561 1052 577 infra
1062 564 1099 578 tres

180 593 215 610 dies
228 599 258 616 per
268 594 389 615 juramentum
405 596 422 610 et
437 593 471 610 sub
487 593 536 610 omni
550 599 603 616 pena,
614 597 633 610 ut
647 593 697 610 istud
710 593 754 610 alias
767 594 824 610 fuerat
838 593 964 610 deliberatum
979 594 1000 610 Et
1012 594 1053 616 quia
1066 594 1098 610 ista

179 626 247 649 pecunia
258 632 318 648 parum
329 626 357 643 vel
370 625 425 642 nichil
438 629 488 643 esset
501 632 533 648 pro
544 629 626 649 tempore
635 626 697 643 futuro
708 626 783 643 durante
792 626 924 647 controversia,
935 626 1014 643 seeundo
1027 626 1098 643 ordina-

179 662 236 676 verunt
249 659 324 682 predicti
339 658 420 681 magistri
435 658 484 681 quod
498 658 582 681 quolibet
596 665 659 675 mense
675 659 752 681 quilibet
767 659 853 681 magister
868 665 935 681 regens
949 662 967 675 et
980 665 1016 675 non
1032 665 1098 681 regens

178 691 251 708 solveret
260 691 305 708 duos
316 691 390 711 solidos,
402 691 460 708 donec
470 692 595 708 controversia
606 691 709 708 cancellarii
719 692 743 708 sit
752 691 807 708 finita.
822 692 843 708 Et
853 692 868 708 si
879 695 928 708 esset
937 691 1003 714 aliquis
1012 692 1098 714 magister

179 724 205 747 qui
218 724 268 740 vellet
280 724 366 747 conqueri
376 724 398 740 de
408 727 520 747 paupertate,
532 724 590 741 solvat
603 724 699 741 duodecim
712 724 802 741 denarios.
818 725 839 740 Et
849 724 870 741 ad
881 724 932 741 istam
943 724 1037 747 pecuniam
1047 724 1098 740 colli·-

177 757 246 780 gendam
260 760 301 774 sunt
315 757 394 780 deputati
408 757 496 779 magister
509 757 612 780 Stephanus
626 757 649 774 dc
662 757 752 780 Nogento,
766 757 853 780 magister
864 756 956 774 Johannes
969 757 991 774 de
1001 757 1096 777 Couciaco,

178 790 256 812 magister
269 790 358 807 Robertus
371 790 393 806 de
408 790 529 807 Freullavilla.
546 790 567 806 Et
580 790 602 807 ad
616 790 671 806 finem
685 790 734 812 quod
747 790 796 806 nulla
809 790 858 806 fraus
870 790 930 812 possit
941 790 980 806 fieri
990 790 1012 806 de
1023 790 1097 813 pecunia

176 823 256 845 predicta,
267 823 328 840 volunt
340 822 421 845 magistri
431 822 509 845 predicti
521 823 570 845 quod
581 826 659 845 ponatur
668 823 687 839 in
697 823 773 845 quadam
784 823 854 845 pisside
864 822 942 845 sigillata
953 822 1024 845 signeto
1034 823 1097 839 decani

178 859 193 872 et
201 855 258 878 sigillo
272 855 363 878 cujusdam
378 855 459 878 magistri
474 861 509 872 non
521 855 610 878 regentis.
624 855 645 872 ad
656 855 710 872 finem
721 855 769 878 quod
780 861 816 872 non
826 855 917 878 aperiatur
929 855 964 872 nisi
977 855 994 871 in
1004 855 1097 877 presencia

177 888 270 911 regentium
286 892 302 905 et
316 894 352 905 non
366 888 476 911 regentium,
489 891 507 905 et
520 888 598 911 quilibet
613 891 668 910 ponat
681 894 730 905 suam
745 888 839 910 pecuniam
853 893 906 910 quam
919 888 978 905 tradet
991 888 1009 904 in
1022 888 1097 911 quadarn

177 921 240 942 cedula,
251 927 301 944 quam
314 921 406 938 habebunt
419 921 497 943 predicti
515 921 602 943 deputati.
618 921 640 937 Et
655 921 719 938 volunt
732 921 814 944 magistri
829 921 878 943 quod
892 927 955 938 omnes
968 921 1065 938 bachalarii
1076 921 1097 938 ad

177 954 291 971 ordinationes
304 954 393 977 predictas
406 954 443 970 sint
455 954 532 976 obligati
542 957 561 971 et
570 954 605 971 sub
617 960 663 976 pena
674 954 760 976 predicta.
774 954 793 970 ln
804 954 857 976 cujus
867 954 894 970 rei
903 954 1026 971 testimonium
1037 954 1098 977 signe-

177 990 209 1003 tum
218 987 303 1003 facultatis
314 987 403 1004 medicine
413 987 435 1003 (Ie
445 992 538 1003 consensu
549 987 676 1009 deputatorum
684 993 694 1003 a
702 987 749 1003 dicta
756 986 839 1003 facultate
850 992 906 1009 super
915 987 1003 1004 ordinatis
1014 987 1098 1009 superius

176 1019 261 1042 expressis
270 1019 352 1036 ducimus
362 1019 497 1042 apponendumi

216 1052 242 1069 Si*
253 1052 292 1075 quis
302 1056 360 1069 nutem
371 1052 457 1075 magister
471 1052 500 1069 vel
514 1052 629 1069 bachalarius
642 1052 753 1069 ordinationi
767 1052 848 1075 predicte
864 1052 943 1069 noluerit
956 1053 1031 1070 obedire
1044 1059 1098 1076 pecu-

176 1085 218 1102 niam
230 1085 326 1107 predictam
341 1085 436 1106 solvenda,
454 1088 516 1102 caveat
531 1091 540 1101 a
555 1085 635 1108 perjurio
651 1088 668 1102 et
682 1091 715 1108 per
729 1091 844 1108 consequens
859 1091 868 1102 a
883 1085 984 1108 privatione
998 1086 1097 1108 perjurium

176 1117 297 1140 subsequente,
312 1118 352 1140 quia
367 1117 444 1141 quilibet
455 1117 531 1140 juravit,
546 1124 579 1141 pro
595 1123 650 1141 posse
664 1124 698 1135 suo
713 1118 792 1135 fideliter
806 1118 905 1135 observare
921 1119 1014 1139 honorem,
1026 1119 1097 1135 ordina-

176 1150 234 1171 tiones,
245 1154 315 1172 statuta,
325 1151 467 1168 consuetudines
482 1150 580 1172 facultatis,
595 1151 695 1168 secundum
710 1151 758 1174 quod
772 1155 846 1168 cavetur
855 1152 873 1168 in
883 1152 942 1175 primo
952 1152 1027 1169 articulo
1037 1152 1097 1174 jurato

175 1189 183 1199 a
193 1183 275 1206 quolibet,
286 1187 380 1206 antequam
389 1189 455 1201 cursus
468 1189 513 1200 suos
527 1184 544 1200 in
558 1184 639 1207 predicta
651 1185 736 1201 facultate
749 1185 831 1207 incipiat;
845 1185 878 1201 sed
890 1191 954 1202 omnes
964 1185 991 1201 illi
1001 1185 1057 1207 jurati
1067 1185 1097 1207 qui

176 1222 205 1238 pro
217 1222 269 1239 posse
283 1222 317 1233 suo
329 1222 365 1233 non
379 1217 464 1233 resistent
476 1217 585 1234 cancellario
596 1218 614 1234 in
625 1217 698 1234 licentia
712 1218 751 1235 data
764 1218 850 1240 Guydoni
863 1221 880 1234 et
889 1218 973 1234 Alsoncio
986 1224 1022 1234 non
1034 1218 1098 1234 obser-

174 1249 235 1266 vabunt
243 1249 327 1271 predicta,
336 1250 377 1272 quia
385 1249 462 1272 quilibet
472 1249 571 1272 predictam
581 1251 671 1267 licentiam
683 1250 749 1267 habere
757 1251 820 1267 debet’
829 1257 871 1268 esse
879 1254 940 1267 contra
948 1250 1042 1271 honorem,
1051 1251 1098 1268 ordi-

175 1283 257 1302 nationeS‚
267 1285 330 1299 statuta
341 1286 357 1299 et
368 1283 521 1303 consuetudines;
534 1283 616 1301 ordinate
626 1284 695 1301 autem³
706 1284 791 1301 resistere
804 1284 913 1301 cancellario
923 1284 979 1307 jurati
989 1284 1007 1301 in
1018 1284 1096 1307 predicta

174 1314 251 1332 facultate
264 1320 299 1331 non
313 1318 389 1337 possunt
398 1316 438 1332 sine
449 1316 538 1338 pecunia:
552 1322 597 1340 ergo
611 1317 689 1338 quilibet
697 1317 769 1339 juratus
782 1320 853 1334 tenetur
866 1317 938 1334 solvere
948 1317 1049 1339 pecuniam,
1063 1317 1096 1334 nisi
