1273 1538
176 54 210 70 378
463 59 621 70 cnanruzantuu
638 58 734 70 umvsns,
752 58 816 70 t’AMs.
1052 50 1096 69 [1331

178 100 218 111 rum
228 95 362 112 ordinationum
372 95 467 117 papalium,
479 99 532 118 prout
541 95 558 112 in
570 96 610 118 ejus
619 95 749 112 commissione
759 95 831 117 plenius
839 95 948 115 continetur,
956 100 1010 117 super
1017 94 1097 117 predictis

178 128 284 144 excessibus
301 131 317 145 et
335 128 406 145 delictis
422 128 469 145 circa
486 131 544 145 actum
561 128 677 145 scolasticum
694 134 727 144 seu
744 127 863 150 dependentia
880 133 901 144 ex
921 127 982 144 eadem
996 133 1005 143 a
1019 127 1097 149 personis

177 161 257 177 Parisius
268 161 384 177 studentibus
394 166 427 177 seu
437 161 456 177 in
465 160 548 177 facultate
559 160 639 183 qualibet
650 160 718 177 ibidem
730 160 834 183 regentibus
846 160 909 177 illicite
921 159 1022 177 commissis
1034 160 1097 182 specia-

176 192 218 210 liter
228 193 319 216 deputato,
328 199 439 216 quarumque
450 193 663 215 corn-entimjurisdictio,
673 193 743 216 punitio
754 196 787 210 tam
798 193 820 210 de
828 194 870 215 jure
880 199 931 215 quam
943 193 964 210 de
972 192 1097 210 consuetudine

176 226 219 243 stilo
229 229 247 243 et
256 226 358 248 privilegiis
368 225 418 242 sedis
428 225 527 248 apostolice
537 225 554 241 in
566 225 599 242 hac
609 229 659 248 parte
670 225 718 242 dicto
729 225 802 242 domino
812 225 919 242 cancellario
929 229 947 242 et
956 226 995 248 ejus
1008 224 1097 247 predeces-

176 258 249 276 soribus
259 259 277 275 in
288 259 375 281 dignitate
385 258 492 275 cancellarie
503 258 583 281 predicte
593 259 665 275 notorie
676 262 694 275 et
704 258 784 281 legitime
793 258 897 281 approbatis
908 262 924 275 et
934 265 943 275 a
954 262 1002 275 tanto
1015 261 1097 281 tempore,

176 292 228 314 cujus
238 291 323 308 contrarii
334 291 419 308 memoria
429 291 521 307 hominum
532 297 568 308 non
579 291 646 312 existit,
657 291 740 308 noscitur
750 292 847 314 pertinere,
858 298 877 308 ac
888 291 935 308 dicto
941 290 1011 308 officiali
1020 291 1098 308 commis*

176 324 224 340 sario
234 323 277 340 dicti
287 323 356 340 domini
366 323 468 340 cancellarii
476 324 581 340 auctoritate
589 329 626 346 quo
634 329 689 346 supra
698 324 807 346 procedente
815 324 932 341 ventilaretur
939 327 1000 340 contra
1008 324 1097 346 magistros

175 355 294 378 Reginaldum
303 356 326 372 de
334 356 450 376 Cornemare,
459 359 552 378 gerentem
561 362 580 372 se
588 362 621 378 pro
630 356 729 373 substituto
738 356 800 373 decani
808 356 896 373 facultatis
905 356 999 377 medicine„
1005 356 1097 373 Iohannem

175 388 226 411 Pipe,
244 388 354 411 Stephanum
368 388 390 405 de
404 388 529 409 Calvomonte,
543 388 653 411 Stephanum
674 389 697 405 de
717 389 806 411 i'ogento,
821 390 919 406 Hamonem
936 389 958 405 de
976 389 1067 411 Fougeriis
1081 393 1097 406 et

176 421 289 443 Radulphum
305 421 372 438 dictum
384 421 460 440 Pincon,
472 421 570 444 magistros
583 421 601 437 in
616 421 714 442 medicina,
728 427 786 438 coram
802 421 850 438 dicto
864 421 935 438 officiali
950 425 967 438 et
981 422 1097 438 commissario

175 453 218 470 dicti
233 454 302 470 domini
316 454 425 474 cancellarii,
441 454 514 476 datique
528 454 606 471 fuissent
622 454 668 471 certi
683 454 753 471 articuli
768 454 873 470 nominibus
891 454 957 476 quibus
975 460 1026 476 supra
1041 458 1097 471 contra

175 486 234 503 dictos
244 487 348 509 magistros,
359 490 377 503 et
387 486 430 503 dicti
440 486 505 509 phisici
516 487 538 503 ad
548 492 581 503 vos
591 486 686 503 dominum
697 486 790 503 officialem
801 487 921 503 Parisiensem
932 486 954 503 ab
963 486 1050 503 audientia
1058 487 1097 504 dicti

175 519 243 536 domini
261 519 343 536 officialis
355 519 424 536 domini
438 519 540 536 cancellarii
555 525 581 539 ac,
596 522 615 535 nt
630 519 732 542 predictum
746 522 779 539 est,
796 519 914 536 commissarii
928 519 1012 542 specialis
1027 519 1097 542 predicti

176 551 244 568 domini
259 552 362 569 cancellarii
375 551 394 568 in
407 551 439 568 hac
450 555 500 574 parte
513 551 578 568 frivole
588 555 606 568 et
615 551 698 568 indebite
713 552 758 573 (cum
768 557 803 568 non
814 551 836 568 ad
847 557 885 572 vos,
896 551 914 568 in
925 555 1008 574 quantum
1019 552 1097 574 procede-

177 584 230 601 batur
239 585 345 601 auctoritate
356 584 493 607 privilegiorum
505 584 586 607 predicte
596 584 646 601 sedis
657 584 764 606 apostolice,
772 584 805 601 sed
813 584 835 601 ad
843 584 899 607 ipsam
910 584 971 601 sedem
982 585 1096 607 apostolicam,

175 617 190 634 si
200 623 271 634 causam
286 617 374 634 haberent
388 617 495 639 legitimam,
505 620 555 633 esset
564 616 700 639 appellandum]
711 623 730 633 ac
741 617 779 633 sine
789 623 842 634 causa
855 617 957 634 rationabili
969 617 1097 639 appellaverint,

173 655 250 672 vosque,
264 649 338 666 domine
352 649 434 666 officialis
447 649 495 671 (licet
508 655 540 672 per
552 649 620 666 dictum
634 649 730 666 officialem
742 652 759 666 et
768 649 912 666 commissarium
923 649 991 666 domini
1003 649 1097 666 cancellarii

174 682 266 703 antedicti,
283 682 330 699 sicut
343 688 376 699 nec
392 682 462 703 debuit,
475 682 553 698 delatum
571 688 607 698 non
621 682 688 699 suisset
703 682 818 704 appellationi
833 682 920 705 predicte,
935 681 1016 704 tanquam
1031 682 1051 699 ad
1064 688 1097 699 non

175 715 294 738 superiorem,
310 715 329 731 in
344 718 429 737 quantum
444 715 576 737 procedebatur
589 715 656 732 virtute
672 715 762 731 dictorum
776 715 913 737 privilegiorum
926 715 1068 737 apostolicorum,
1080 718 1098 732 ut

175 748 276 771 predictum
290 751 324 768 est,
339 748 357 764 in
369 748 402 764 hac
415 751 464 771 parte
480 747 595 771 appellatum)
609 748 740 765 nichilominus
755 748 790 764 nisi
805 748 865 764 fuistis
878 754 906 764 me
919 754 955 770 quo
967 753 1020 771 supra
1031 748 1098 764 nomine

174 787 240 804 cogere
250 781 271 798 ad
286 781 422 804 procedendum
436 787 496 798 coram
508 781 560 798 vobis
570 781 652 798 indebite
663 784 680 797 et
691 781 767 803 injuste3
781 787 801 798 ac
815 781 867 798 etiam
883 787 915 803 pro
928 787 950 798 eo
965 781 1012 803 quod
1026 781 1066 797 licet
1078 781 1098 797 de

175 814 228 831 dictis
244 814 347 837 privilegiis
363 817 381 831 et
402 817 490 836 potestate
513 814 555 830 dicti
573 814 677 830 cancellarii
698 814 773 837 predicti
792 820 801 830 a
819 814 862 830 sede
882 814 980 836 apostolica
999 813 1098 830 cancellarie

174 847 272 864 Parisiensi
287 847 306 863 in
320 847 352 864 hae
365 850 414 870 parte
427 847 521 863 concessis
536 846 589 864 vobis
601 847 667 864 suisset
680 847 761 869 plenarie
773 847 817 863 sacta
831 846 885 867 fides,
897 852 919 863 ex
932 846 997 869 quibus
1013 847 1099 863 manifeste

175 880 232 902 liquet
242 880 302 903 ipsum
313 880 406 897 dominum
420 886 479 897 meum
492 880 619 896 cancellarium
633 883 651 897 et
661 880 702 902 ejus
713 880 812 902 predictum
824 880 973 901 commissarium,
984 880 1002 896 in
1014 883 1098 902 quantum,

176 916 194 930 ut
208 913 310 936 predictum
320 916 354 934 est,
366 912 499 936 procedebatur
512 913 617 930 auctorimte
633 913 740 936 apostolica,
755 912 807 929 vobis
820 913 837 929 in
853 913 911 935 aliqua
927 919 962 929 non
976 913 1061 929 subesse:
1071 918 1100 929 vos

175 946 311 967 nichilominus,
318 946 366 963 dicte
377 945 450 962 domine
461 945 543 962 officialis
550 946 668 966 Parisiensis,
676 946 695 962 in
706 949 828 968 contemptum
836 949 897 962 sancte
905 946 955 962 sedis
961 945 1057 968 apostolice
1064 946 1100 968 ejus

173 979 319 1001 jurisdictionem
331 978 383 995 vobis
393 978 474 995 indebite
485 978 532 995 salva
543 982 602 995 vestra
614 978 716 995 reverentia
725 978 830 1001 usurpando
838 982 855 995 et
863 978 984 1001 perturbando
991 984 1023 1001 per
1029 982 1100 995 vestram

175 1011 337 1032 interlocutoriam,
348 1011 364 1028 si
374 1011 401 1028 sic
416 1011 452 1028 <liei
466 1011 537 1032 debeat,
549 1011 657 1028 decrevistis
671 1011 730 1028 dictos
741 1011 821 1034 phisicus
835 1011 918 1034 potuisse
930 1017 950 1028 ac
962 1011 989 1028 eis
1001 1011 1071 1028 licuisse
1081 1011 1100 1028 ad

175 1050 209 1061 vos
218 1044 321 1067 appellasse
329 1050 348 1061 ac
358 1044 410 1061 etiam
421 1050 480 1060 coram
491 1044 544 1061 vobis
553 1044 592 1061 sore
604 1044 741 1067 procedendum
752 1044 799 1061 inter
807 1044 864 1061 dictas
874 1047 941 1067 partes,
949 1050 985 1061 non
995 1044 1101 1061 obstantibus

176 1076 263 1099 predictis
278 1076 345 1093 litteris
360 1077 465 1099 apostolicis
481 1082 536 1099 super
549 1077 630 1099 predicta
645 1079 736 1099 potestate
749 1077 801 1094 vobis
816 1077 837 1094 ad
853 1077 926 1099 plenum
945 1077 1048 1094 exhibitism
1061 1078 1101 1094 Item

177 1109 239 1131 quiae..
249 1115 289 1130 vos,
301 1109 374 1126 domine
385 1109 467 1126 ossicialis
477 1109 593 1129 Parisiensis,
604 1110 712 1132 prinsquam
722 1113 772 1127 esset
783 1110 805 1126 de
817 1116 870 1127 causa
881 1110 973 1132 cognitum
983 1110 1036 1127 immo
1048 1110 1102 1133 prius<

177 1147 230 1164 quam
241 1145 290 1158 esset
300 1142 393 1164 cognitum
404 1145 464 1158 utrum
475 1142 497 1158 ad
507 1147 540 1158 vos
550 1142 615 1159 suisset
626 1148 659 1165 per
668 1142 808 1165 appellationem
822 1142 926 1165 hujusmodi
938 1142 1040 1165 jurisdictio
1053 1142 1103 1159 devo-

163 1175 165 1177 ’
177 1174 221 1194 luta,
239 1174 334 1196 quamdam
345 1174 538 1191 excommunicationis
556 1174 664 1191 sententiam
683 1180 716 1197 per
732 1175 798 1191 dictum
818 1175 912 1191 officialem
932 1178 950 1191 et
967 1175 1102 1192 commissarium

178 1206 246 1223 domini
260 1206 363 1223 cancellarii
377 1207 483 1223 auctoritate
496 1212 532 1229 quo
543 1212 597 1229 supra
608 1207 642 1224 rite
653 1206 705 1223 latam
721 1207 858 1230 presumpsistis
871 1207 894 1224 de
908 1207 954 1224 sacto
970 1208 1053 1228 relaxare,
1066 1208 1104 1224 licet

178 1245 214 1255 non
224 1239 305 1261 possetis
315 1239 374 1261 aliqua
385 1235 455 1255 ratione
465 1238 524 1261 ipsum
536 1239 630 1255 dominum
641 1244 701 1255 meum
712 1242 730 1255 et
740 1239 779 1261 ejus
788 1239 932 1256 commissarium
943 1239 1041 1261 predictum
1051 1240 1068 1256 in
1075 1245 1104 1256 sua

176 1271 306 1294 jurisdictione
321 1271 357 1288 imo
372 1271 434 1288 verius
449 1271 556 1294 apostoliea,
571 1271 589 1287 in
605 1274 693 1293 quantum
708 1271 841 1294 procedebatur
854 1272 959 1288 auctoritate
976 1272 1104 1295 privilegiorum

178 1304 244 1327 ipsius,
254 1303 337 1321 indebite
347 1303 461 1326 perturbare,

239 1334 259 1346 ιε.
