<?xml version="1.0" encoding="UTF-8"?>
<!DOCTYPE html PUBLIC "-//W3C//DTD XHTML 1.0 Transitional//EN"
    "http://www.w3.org/TR/xhtml1/DTD/xhtml1-transitional.dtd">
<html xmlns="http://www.w3.org/1999/xhtml" xml:lang="en" lang="en">
 <head>
  <title>
</title>
<meta http-equiv="Content-Type" content="text/html;charset=utf-8" />
  <meta name='ocr-system' content='tesseract 3.04.00' />
  <meta name='ocr-capabilities' content='ocr_page ocr_carea ocr_par ocr_line ocrx_word'/>
</head>
<body>
  <div class='ocr_page' id='page_1' title='image "./chartulariumuni00mogoog_0071.png"; bbox 0 0 1273 1538; ppageno 0'>
   <div class='ocr_carea' id='block_1_1' title="bbox 174 50 1099 70">
    <p class='ocr_par' dir='ltr' id='par_1_1' title="bbox 174 50 1099 70">
     <span class='ocr_line' id='line_1_1' title="bbox 174 50 1099 70; baseline 0.003 -4"><span class='ocrx_word' id='word_1_1' title='bbox 174 50 195 66; x_wconf 77' lang='lat'>44</span> <span class='ocrx_word' id='word_1_2' title='bbox 461 56 621 68; x_wconf 62' lang='lat' dir='ltr'>cuma-nmmum</span> <span class='ocrx_word' id='word_1_3' title='bbox 638 57 732 69; x_wconf 71' lang='lat' dir='ltr'>umvms.</span> <span class='ocrx_word' id='word_1_4' title='bbox 750 57 814 69; x_wconf 65' lang='lat' dir='ltr'>ruis,</span> <span class='ocrx_word' id='word_1_5' title='bbox 1052 51 1099 70; x_wconf 82' lang='lat'><strong>[1290</strong></span> 
     </span>
    </p>
   </div>
   <div class='ocr_carea' id='block_1_2' title="bbox 171 92 1105 1359">
    <p class='ocr_par' dir='ltr' id='par_1_2' title="bbox 171 92 1099 150">
     <span class='ocr_line' id='line_1_2' title="bbox 171 92 1099 117; baseline 0.002 -8"><span class='ocrx_word' id='word_1_6' title='bbox 171 93 301 115; x_wconf 83' lang='lat' dir='ltr'>juramentum,</span> <span class='ocrx_word' id='word_1_7' title='bbox 315 92 403 116; x_wconf 80' lang='lat' dir='ltr'>quosdam</span> <span class='ocrx_word' id='word_1_8' title='bbox 418 93 518 111; x_wconf 76' lang='lat' dir='ltr'>bacalarios</span> <span class='ocrx_word' id='word_1_9' title='bbox 533 100 564 117; x_wconf 86' lang='lat' dir='ltr'>per</span> <span class='ocrx_word' id='word_1_10' title='bbox 581 94 714 117; x_wconf 65' lang='lat' dir='ltr'>depositionem</span> <span class='ocrx_word' id='word_1_11' title='bbox 729 94 856 117; x_wconf 81' lang='lat' dir='ltr'>magistrorum</span> <span class='ocrx_word' id='word_1_12' title='bbox 875 94 965 111; x_wconf 86' lang='lat' dir='ltr'>inhabiles</span> <span class='ocrx_word' id='word_1_13' title='bbox 982 98 999 111; x_wconf 86' lang='lat' dir='ltr'>et</span> <span class='ocrx_word' id='word_1_14' title='bbox 1015 94 1099 117; x_wconf 79' lang='lat' dir='ltr'>indignos</span> 
     </span>
     <span class='ocr_line' id='line_1_3' title="bbox 175 125 602 150; baseline 0.002 -7"><span class='ocrx_word' id='word_1_15' title='bbox 175 125 311 143; x_wconf 81' lang='lat' dir='ltr'>licentiaveritis</span> <span class='ocrx_word' id='word_1_16' title='bbox 321 132 354 150; x_wconf 90' lang='lat' dir='ltr'>pro</span> <span class='ocrx_word' id='word_1_17' title='bbox 364 129 424 144; x_wconf 86' lang='lat' dir='ltr'>vestre</span> <span class='ocrx_word' id='word_1_18' title='bbox 434 126 487 144; x_wconf 84' lang='lat' dir='ltr'>libito</span> <span class='ocrx_word' id='word_1_19' title='bbox 496 127 602 148; x_wconf 74' lang='lat' dir='ltr'>voluntatis;</span> 
     </span>
    </p>

    <p class='ocr_par' dir='ltr' id='par_1_3' title="bbox 176 160 1100 250">
     <span class='ocr_line' id='line_1_4' title="bbox 219 160 1100 182; baseline 0.001 -6"><span class='ocrx_word' id='word_1_20' title='bbox 219 160 271 181; x_wconf 84' lang='lat' dir='ltr'>item,</span> <span class='ocrx_word' id='word_1_21' title='bbox 279 166 320 176; x_wconf 91' lang='lat' dir='ltr'>cum</span> <span class='ocrx_word' id='word_1_22' title='bbox 330 160 352 177; x_wconf 92' lang='lat' dir='ltr'>de</span> <span class='ocrx_word' id='word_1_23' title='bbox 363 160 495 177; x_wconf 83' lang='lat' dir='ltr'>consuetudine</span> <span class='ocrx_word' id='word_1_24' title='bbox 505 160 592 177; x_wconf 78' lang='lat' dir='ltr'>hactenus</span> <span class='ocrx_word' id='word_1_25' title='bbox 599 160 680 177; x_wconf 81' lang='lat' dir='ltr'>Parisius</span> <span class='ocrx_word' id='word_1_26' title='bbox 687 160 788 182; x_wconf 77' lang='lat' dir='ltr'>observata,</span> <span class='ocrx_word' id='word_1_27' title='bbox 797 160 881 178; x_wconf 82' lang='lat' dir='ltr'>bacalarii</span> <span class='ocrx_word' id='word_1_28' title='bbox 891 160 995 177; x_wconf 81' lang='lat' dir='ltr'>licentiandi</span> <span class='ocrx_word' id='word_1_29' title='bbox 1006 161 1024 177; x_wconf 93' lang='lat' dir='ltr'>in</span> <span class='ocrx_word' id='word_1_30' title='bbox 1033 160 1100 178; x_wconf 82' lang='lat' dir='ltr'>artibus</span> 
     </span>
     <span class='ocr_line' id='line_1_5' title="bbox 176 193 1100 217; baseline 0.001 -7"><span class='ocrx_word' id='word_1_31' title='bbox 176 199 208 216; x_wconf 89' lang='lat' dir='ltr'>per</span> <span class='ocrx_word' id='word_1_32' title='bbox 224 193 320 217; x_wconf 77' lang='lat' dir='ltr'>magistros</span> <span class='ocrx_word' id='word_1_33' title='bbox 337 197 423 217; x_wconf 79' lang='lat' dir='ltr'>regentes</span> <span class='ocrx_word' id='word_1_34' title='bbox 438 194 536 211; x_wconf 84' lang='lat' dir='ltr'>examinari</span> <span class='ocrx_word' id='word_1_35' title='bbox 553 193 638 215; x_wconf 78' lang='lat' dir='ltr'>debeant,</span> <span class='ocrx_word' id='word_1_36' title='bbox 656 197 674 211; x_wconf 78' lang='lat' dir='ltr'>et</span> <span class='ocrx_word' id='word_1_37' title='bbox 689 200 729 215; x_wconf 79' lang='lat' dir='ltr'>vos,</span> <span class='ocrx_word' id='word_1_38' title='bbox 746 194 852 211; x_wconf 75' lang='lat' dir='ltr'>cancellarie</span> <span class='ocrx_word' id='word_1_39' title='bbox 869 194 986 215; x_wconf 80' lang='lat' dir='ltr'>Parisiensis,</span> <span class='ocrx_word' id='word_1_40' title='bbox 1004 194 1100 211; x_wconf 84' lang='lat' dir='ltr'>bacalarios</span> 
     </span>
     <span class='ocr_line' id='line_1_6' title="bbox 176 227 1003 250; baseline 0 -6"><span class='ocrx_word' id='word_1_41' title='bbox 176 227 286 244; x_wconf 86' lang='lat' dir='ltr'>examinatos</span> <span class='ocrx_word' id='word_1_42' title='bbox 296 233 328 250; x_wconf 88' lang='lat' dir='ltr'>per</span> <span class='ocrx_word' id='word_1_43' title='bbox 338 233 374 244; x_wconf 88' lang='lat' dir='ltr'>non</span> <span class='ocrx_word' id='word_1_44' title='bbox 385 230 469 249; x_wconf 79' lang='lat' dir='ltr'>regentes</span> <span class='ocrx_word' id='word_1_45' title='bbox 480 227 622 249; x_wconf 72' lang='lat' dir='ltr'>licentiaveritis,</span> <span class='ocrx_word' id='word_1_46' title='bbox 633 227 651 244; x_wconf 85' lang='lat' dir='ltr'>in</span> <span class='ocrx_word' id='word_1_47' title='bbox 661 227 750 244; x_wconf 74' lang='lat' dir='ltr'>facultatis</span> <span class='ocrx_word' id='word_1_48' title='bbox 760 233 797 244; x_wconf 88' lang='lat' dir='ltr'>non</span> <span class='ocrx_word' id='word_1_49' title='bbox 807 228 895 245; x_wconf 80' lang='lat' dir='ltr'>modicam</span> <span class='ocrx_word' id='word_1_50' title='bbox 906 227 1003 248; x_wconf 86' lang='lat' dir='ltr'>lesionem;</span> 
     </span>
    </p>

    <p class='ocr_par' dir='ltr' id='par_1_4' title="bbox 175 261 1102 553">
     <span class='ocr_line' id='line_1_7' title="bbox 220 261 1100 284; baseline 0 -6"><span class='ocrx_word' id='word_1_51' title='bbox 220 262 271 282; x_wconf 74' lang='lat' dir='ltr'>ltem,</span> <span class='ocrx_word' id='word_1_52' title='bbox 281 267 321 278; x_wconf 79' lang='lat' dir='ltr'>cum</span> <span class='ocrx_word' id='word_1_53' title='bbox 332 261 354 278; x_wconf 91' lang='lat' dir='ltr'>de</span> <span class='ocrx_word' id='word_1_54' title='bbox 365 261 437 278; x_wconf 85' lang='lat' dir='ltr'>illorum</span> <span class='ocrx_word' id='word_1_55' title='bbox 448 261 577 278; x_wconf 78' lang='lat' dir='ltr'>bacalarioruin</span> <span class='ocrx_word' id='word_1_56' title='bbox 587 261 694 278; x_wconf 81' lang='lat' dir='ltr'>sufficientia</span> <span class='ocrx_word' id='word_1_57' title='bbox 705 261 728 278; x_wconf 88' lang='lat' dir='ltr'>sit</span> <span class='ocrx_word' id='word_1_58' title='bbox 738 261 793 278; x_wconf 86' lang='lat' dir='ltr'>multo</span> <span class='ocrx_word' id='word_1_59' title='bbox 803 261 929 279; x_wconf 73' lang='lat' dir='ltr'>rationabilius</span> <span class='ocrx_word' id='word_1_60' title='bbox 938 267 991 284; x_wconf 87' lang='lat' dir='ltr'>quam</span> <span class='ocrx_word' id='word_1_61' title='bbox 1002 261 1024 278; x_wconf 84' lang='lat' dir='ltr'>de</span> <span class='ocrx_word' id='word_1_62' title='bbox 1034 261 1100 278; x_wconf 87' lang='lat' dir='ltr'>insussi-</span> 
     </span>
     <span class='ocr_line' id='line_1_8' title="bbox 175 294 1101 318; baseline 0 -7"><span class='ocrx_word' id='word_1_63' title='bbox 175 294 240 312; x_wconf 86' lang='lat' dir='ltr'>cientia</span> <span class='ocrx_word' id='word_1_64' title='bbox 257 294 405 317; x_wconf 79' lang='lat' dir='ltr'>presumendum,</span> <span class='ocrx_word' id='word_1_65' title='bbox 421 294 451 317; x_wconf 89' lang='lat' dir='ltr'>qui</span> <span class='ocrx_word' id='word_1_66' title='bbox 468 294 502 311; x_wconf 86' lang='lat' dir='ltr'>sub</span> <span class='ocrx_word' id='word_1_67' title='bbox 519 294 587 312; x_wconf 90' lang='lat' dir='ltr'>nullius</span> <span class='ocrx_word' id='word_1_68' title='bbox 603 294 712 312; x_wconf 80' lang='lat' dir='ltr'>confidentia</span> <span class='ocrx_word' id='word_1_69' title='bbox 729 295 796 312; x_wconf 81' lang='lat' dir='ltr'>favoris</span> <span class='ocrx_word' id='word_1_70' title='bbox 812 294 834 311; x_wconf 82' lang='lat' dir='ltr'>ad</span> <span class='ocrx_word' id='word_1_71' title='bbox 849 300 923 312; x_wconf 81' lang='lat' dir='ltr'>examen</span> <span class='ocrx_word' id='word_1_72' title='bbox 940 300 960 311; x_wconf 87' lang='lat' dir='ltr'>se</span> <span class='ocrx_word' id='word_1_73' title='bbox 977 295 1054 312; x_wconf 81' lang='lat' dir='ltr'>offerunt</span> <span class='ocrx_word' id='word_1_74' title='bbox 1070 301 1101 318; x_wconf 82' lang='lat' dir='ltr'>per</span> 
     </span>
     <span class='ocr_line' id='line_1_9' title="bbox 176 327 1101 352; baseline 0 -7"><span class='ocrx_word' id='word_1_75' title='bbox 176 328 262 352; x_wconf 72' lang='lat' dir='ltr'>rigorem,</span> <span class='ocrx_word' id='word_1_76' title='bbox 278 331 295 345; x_wconf 88' lang='lat' dir='ltr'>et</span> <span class='ocrx_word' id='word_1_77' title='bbox 309 334 349 345; x_wconf 79' lang='lat' dir='ltr'>cuin</span> <span class='ocrx_word' id='word_1_78' title='bbox 364 327 386 345; x_wconf 89' lang='lat' dir='ltr'>ad</span> <span class='ocrx_word' id='word_1_79' title='bbox 400 328 515 351; x_wconf 86' lang='lat' dir='ltr'>questionem</span> <span class='ocrx_word' id='word_1_80' title='bbox 532 334 565 345; x_wconf 85' lang='lat' dir='ltr'>nna</span> <span class='ocrx_word' id='word_1_81' title='bbox 582 328 629 345; x_wconf 85' lang='lat' dir='ltr'>bona</span> <span class='ocrx_word' id='word_1_82' title='bbox 644 328 673 345; x_wconf 88' lang='lat' dir='ltr'>vel</span> <span class='ocrx_word' id='word_1_83' title='bbox 687 328 732 345; x_wconf 79' lang='lat' dir='ltr'>inala</span> <span class='ocrx_word' id='word_1_84' title='bbox 746 328 843 351; x_wconf 80' lang='lat' dir='ltr'>responsio</span> <span class='ocrx_word' id='word_1_85' title='bbox 858 328 977 345; x_wconf 81' lang='lat' dir='ltr'>sufficientem</span> <span class='ocrx_word' id='word_1_86' title='bbox 992 328 1020 345; x_wconf 95' lang='lat' dir='ltr'>vel</span> <span class='ocrx_word' id='word_1_87' title='bbox 1034 328 1101 345; x_wconf 83' lang='lat' dir='ltr'>insuffi-</span> 
     </span>
     <span class='ocr_line' id='line_1_10' title="bbox 175 361 1101 385; baseline 0.001 -7"><span class='ocrx_word' id='word_1_88' title='bbox 175 361 252 378; x_wconf 80' lang='lat' dir='ltr'>cientem</span> <span class='ocrx_word' id='word_1_89' title='bbox 266 367 301 378; x_wconf 89' lang='lat' dir='ltr'>non</span> <span class='ocrx_word' id='word_1_90' title='bbox 314 365 377 385; x_wconf 83' lang='lat' dir='ltr'>arguat</span> <span class='ocrx_word' id='word_1_91' title='bbox 388 361 537 385; x_wconf 73' lang='lat' dir='ltr'>respondentem,</span> <span class='ocrx_word' id='word_1_92' title='bbox 548 362 591 379; x_wconf 85' lang='lat' dir='ltr'>satis</span> <span class='ocrx_word' id='word_1_93' title='bbox 603 365 677 385; x_wconf 78' lang='lat' dir='ltr'>apparet</span> <span class='ocrx_word' id='word_1_94' title='bbox 688 361 748 379; x_wconf 84' lang='lat' dir='ltr'>lucide</span> <span class='ocrx_word' id='word_1_95' title='bbox 761 362 811 384; x_wconf 84' lang='lat' dir='ltr'>quod</span> <span class='ocrx_word' id='word_1_96' title='bbox 822 361 868 379; x_wconf 77' lang='lat' dir='ltr'>tales</span> <span class='ocrx_word' id='word_1_97' title='bbox 880 361 977 385; x_wconf 75' lang='lat' dir='ltr'>diligenter</span> <span class='ocrx_word' id='word_1_98' title='bbox 990 361 1008 378; x_wconf 91' lang='lat' dir='ltr'>in</span> <span class='ocrx_word' id='word_1_99' title='bbox 1020 361 1101 385; x_wconf 85' lang='lat' dir='ltr'>pluribus</span> 
     </span>
     <span class='ocr_line' id='line_1_11' title="bbox 176 394 1101 418; baseline 0 -6"><span class='ocrx_word' id='word_1_100' title='bbox 176 394 275 418; x_wconf 87' lang='lat' dir='ltr'>propositis</span> <span class='ocrx_word' id='word_1_101' title='bbox 288 394 403 418; x_wconf 82' lang='lat' dir='ltr'>diversisque</span> <span class='ocrx_word' id='word_1_102' title='bbox 417 395 531 418; x_wconf 68' lang='lat' dir='ltr'>temporibus</span> <span class='ocrx_word' id='word_1_103' title='bbox 544 399 585 412; x_wconf 85' lang='lat' dir='ltr'>sunt</span> <span class='ocrx_word' id='word_1_104' title='bbox 599 395 704 417; x_wconf 72' lang='lat' dir='ltr'>temptandi,</span> <span class='ocrx_word' id='word_1_105' title='bbox 720 398 737 412; x_wconf 82' lang='lat' dir='ltr'>et</span> <span class='ocrx_word' id='word_1_106' title='bbox 750 401 786 412; x_wconf 90' lang='lat' dir='ltr'>non</span> <span class='ocrx_word' id='word_1_107' title='bbox 801 395 869 418; x_wconf 88' lang='lat' dir='ltr'>impetu</span> <span class='ocrx_word' id='word_1_108' title='bbox 885 394 946 412; x_wconf 85' lang='lat' dir='ltr'>subito</span> <span class='ocrx_word' id='word_1_109' title='bbox 960 394 1055 412; x_wconf 72' lang='lat' dir='ltr'>inhoneste</span> <span class='ocrx_word' id='word_1_110' title='bbox 1070 401 1101 412; x_wconf 86' lang='lat' dir='ltr'>nee</span> 
     </span>
     <span class='ocr_line' id='line_1_12' title="bbox 176 428 1101 452; baseline 0.001 -7"><span class='ocrx_word' id='word_1_111' title='bbox 176 428 253 452; x_wconf 75' lang='lat' dir='ltr'>turpiter</span> <span class='ocrx_word' id='word_1_112' title='bbox 264 428 298 445; x_wconf 89' lang='lat' dir='ltr'>eici</span> <span class='ocrx_word' id='word_1_113' title='bbox 310 428 339 446; x_wconf 90' lang='lat' dir='ltr'>vel</span> <span class='ocrx_word' id='word_1_114' title='bbox 352 428 422 452; x_wconf 87' lang='lat' dir='ltr'>repelli,</span> <span class='ocrx_word' id='word_1_115' title='bbox 433 432 451 446; x_wconf 90' lang='lat' dir='ltr'>et</span> <span class='ocrx_word' id='word_1_116' title='bbox 463 435 502 449; x_wconf 68' lang='lat' dir='ltr'>vos,</span> <span class='ocrx_word' id='word_1_117' title='bbox 513 429 620 446; x_wconf 76' lang='lat' dir='ltr'>cancellarie</span> <span class='ocrx_word' id='word_1_118' title='bbox 632 429 747 449; x_wconf 77' lang='lat' dir='ltr'>parisiensis,</span> <span class='ocrx_word' id='word_1_119' title='bbox 760 428 831 452; x_wconf 86' lang='lat' dir='ltr'>aliquos</span> <span class='ocrx_word' id='word_1_120' title='bbox 842 428 941 446; x_wconf 71' lang='lat' dir='ltr'>bucularius</span> <span class='ocrx_word' id='word_1_121' title='bbox 954 429 1020 452; x_wconf 82' lang='lat' dir='ltr'>dignos</span> <span class='ocrx_word' id='word_1_122' title='bbox 1031 429 1101 446; x_wconf 81' lang='lat' dir='ltr'>licentia</span> 
     </span>
     <span class='ocr_line' id='line_1_13' title="bbox 176 462 1101 486; baseline 0 -7"><span class='ocrx_word' id='word_1_123' title='bbox 176 468 209 485; x_wconf 92' lang='lat' dir='ltr'>per</span> <span class='ocrx_word' id='word_1_124' title='bbox 225 462 312 485; x_wconf 83' lang='lat' dir='ltr'>rigorem,</span> <span class='ocrx_word' id='word_1_125' title='bbox 327 466 422 486; x_wconf 75' lang='lat' dir='ltr'>antequam</span> <span class='ocrx_word' id='word_1_126' title='bbox 438 465 514 486; x_wconf 87' lang='lat' dir='ltr'>possent</span> <span class='ocrx_word' id='word_1_127' title='bbox 530 462 548 479; x_wconf 87' lang='lat' dir='ltr'>in</span> <span class='ocrx_word' id='word_1_128' title='bbox 565 462 620 480; x_wconf 90' lang='lat' dir='ltr'>unius</span> <span class='ocrx_word' id='word_1_129' title='bbox 636 462 738 486; x_wconf 82' lang='lat' dir='ltr'>argumenti</span> <span class='ocrx_word' id='word_1_130' title='bbox 755 462 863 485; x_wconf 78' lang='lat' dir='ltr'>repetitione</span> <span class='ocrx_word' id='word_1_131' title='bbox 879 462 907 479; x_wconf 86' lang='lat' dir='ltr'>vel</span> <span class='ocrx_word' id='word_1_132' title='bbox 923 462 1014 479; x_wconf 90' lang='lat' dir='ltr'>solutione</span> <span class='ocrx_word' id='word_1_133' title='bbox 1028 469 1037 479; x_wconf 90' lang='lat' dir='ltr'>a</span> <span class='ocrx_word' id='word_1_134' title='bbox 1051 462 1101 480; x_wconf 83' lang='lat' dir='ltr'>vobis</span> 
     </span>
     <span class='ocr_line' id='line_1_14' title="bbox 175 496 1102 519; baseline 0.001 -7"><span class='ocrx_word' id='word_1_135' title='bbox 175 496 240 517; x_wconf 85' lang='lat' dir='ltr'>audiri,</span> <span class='ocrx_word' id='word_1_136' title='bbox 252 499 312 513; x_wconf 87' lang='lat' dir='ltr'>vestre</span> <span class='ocrx_word' id='word_1_137' title='bbox 326 496 437 519; x_wconf 81' lang='lat' dir='ltr'>impatientie</span> <span class='ocrx_word' id='word_1_138' title='bbox 450 499 468 513; x_wconf 92' lang='lat' dir='ltr'>et</span> <span class='ocrx_word' id='word_1_139' title='bbox 481 496 598 519; x_wconf 84' lang='lat' dir='ltr'>capitositatis</span> <span class='ocrx_word' id='word_1_140' title='bbox 611 499 673 519; x_wconf 87' lang='lat' dir='ltr'>raptus</span> <span class='ocrx_word' id='word_1_141' title='bbox 685 496 778 519; x_wconf 68' lang='lat' dir='ltr'>voragine⁷</span> <span class='ocrx_word' id='word_1_142' title='bbox 791 496 885 517; x_wconf 72' lang='lat' dir='ltr'>conviciis,</span> <span class='ocrx_word' id='word_1_143' title='bbox 895 496 999 519; x_wconf 82' lang='lat' dir='ltr'>obprobriis</span> <span class='ocrx_word' id='word_1_144' title='bbox 1012 499 1030 513; x_wconf 91' lang='lat' dir='ltr'>et</span> <span class='ocrx_word' id='word_1_145' title='bbox 1041 500 1102 514; x_wconf 81' lang='lat' dir='ltr'>contu-</span> 
     </span>
     <span class='ocr_line' id='line_1_15' title="bbox 176 529 1078 553; baseline 0 -6"><span class='ocrx_word' id='word_1_146' title='bbox 176 529 235 547; x_wconf 85' lang='lat' dir='ltr'>meliis</span> <span class='ocrx_word' id='word_1_147' title='bbox 245 530 349 551; x_wconf 75' lang='lat' dir='ltr'>affeceritis,</span> <span class='ocrx_word' id='word_1_148' title='bbox 360 530 410 553; x_wconf 85' lang='lat' dir='ltr'>ipsos</span> <span class='ocrx_word' id='word_1_149' title='bbox 420 536 429 547; x_wconf 90' lang='lat' dir='ltr'>a</span> <span class='ocrx_word' id='word_1_150' title='bbox 439 533 500 547; x_wconf 83' lang='lat' dir='ltr'>vestro</span> <span class='ocrx_word' id='word_1_151' title='bbox 511 530 591 547; x_wconf 76' lang='lat' dir='ltr'>examine</span> <span class='ocrx_word' id='word_1_152' title='bbox 601 529 699 553; x_wconf 83' lang='lat' dir='ltr'>plurimum</span> <span class='ocrx_word' id='word_1_153' title='bbox 709 529 769 547; x_wconf 84' lang='lat' dir='ltr'>viliter</span> <span class='ocrx_word' id='word_1_154' title='bbox 779 533 797 547; x_wconf 88' lang='lat' dir='ltr'>et</span> <span class='ocrx_word' id='word_1_155' title='bbox 806 529 953 547; x_wconf 73' lang='lat' dir='ltr'>irrationabiliter</span> <span class='ocrx_word' id='word_1_156' title='bbox 963 529 1078 553; x_wconf 75' lang='lat' dir='ltr'>expellendo;</span> 
     </span>
    </p>

    <p class='ocr_par' dir='ltr' id='par_1_5' title="bbox 174 563 1103 789">
     <span class='ocr_line' id='line_1_16' title="bbox 219 563 1102 586; baseline 0 -6"><span class='ocrx_word' id='word_1_157' title='bbox 219 564 272 585; x_wconf 81' lang='lat' dir='ltr'>Item,</span> <span class='ocrx_word' id='word_1_158' title='bbox 282 569 322 580; x_wconf 83' lang='lat' dir='ltr'>cum</span> <span class='ocrx_word' id='word_1_159' title='bbox 336 563 435 580; x_wconf 84' lang='lat' dir='ltr'>bacalarios</span> <span class='ocrx_word' id='word_1_160' title='bbox 448 563 519 586; x_wconf 86' lang='lat' dir='ltr'>aliquos</span> <span class='ocrx_word' id='word_1_161' title='bbox 533 569 553 581; x_wconf 89' lang='lat' dir='ltr'>se</span> <span class='ocrx_word' id='word_1_162' title='bbox 567 563 589 581; x_wconf 94' lang='lat' dir='ltr'>ad</span> <span class='ocrx_word' id='word_1_163' title='bbox 603 569 677 580; x_wconf 79' lang='lat' dir='ltr'>examen</span> <span class='ocrx_word' id='word_1_164' title='bbox 690 567 751 581; x_wconf 88' lang='lat' dir='ltr'>vestro</span> <span class='ocrx_word' id='word_1_165' title='bbox 763 563 879 581; x_wconf 87' lang='lat' dir='ltr'>commissum</span> <span class='ocrx_word' id='word_1_166' title='bbox 893 563 984 586; x_wconf 62' lang='lat' dir='ltr'>regimini,</span> <span class='ocrx_word' id='word_1_167' title='bbox 997 563 1016 581; x_wconf 90' lang='lat' dir='ltr'>in</span> <span class='ocrx_word' id='word_1_168' title='bbox 1028 564 1102 581; x_wconf 80' lang='lat' dir='ltr'>ecclesia</span> 
     </span>
     <span class='ocr_line' id='line_1_17' title="bbox 176 597 1102 620; baseline 0 -6"><span class='ocrx_word' id='word_1_169' title='bbox 176 597 204 614; x_wconf 88' lang='lat' dir='ltr'>vel</span> <span class='ocrx_word' id='word_1_170' title='bbox 219 597 238 614; x_wconf 86' lang='lat' dir='ltr'>in</span> <span class='ocrx_word' id='word_1_171' title='bbox 252 597 338 619; x_wconf 81' lang='lat' dir='ltr'>claustro,</span> <span class='ocrx_word' id='word_1_172' title='bbox 349 597 377 614; x_wconf 95' lang='lat' dir='ltr'>vel</span> <span class='ocrx_word' id='word_1_173' title='bbox 391 597 440 618; x_wconf 64' lang='lat' dir='ltr'>alibi,</span> <span class='ocrx_word' id='word_1_174' title='bbox 454 597 485 614; x_wconf 92' lang='lat' dir='ltr'>ubi</span> <span class='ocrx_word' id='word_1_175' title='bbox 497 597 591 614; x_wconf 82' lang='lat' dir='ltr'>vobiscum</span> <span class='ocrx_word' id='word_1_176' title='bbox 606 597 700 614; x_wconf 86' lang='lat' dir='ltr'>commode</span> <span class='ocrx_word' id='word_1_177' title='bbox 712 597 763 620; x_wconf 86' lang='lat' dir='ltr'>loqui</span> <span class='ocrx_word' id='word_1_178' title='bbox 776 600 865 620; x_wconf 80' lang='lat' dir='ltr'>poterant,</span> <span class='ocrx_word' id='word_1_179' title='bbox 879 597 984 619; x_wconf 78' lang='lat' dir='ltr'>offerentes,</span> <span class='ocrx_word' id='word_1_180' title='bbox 996 600 1056 620; x_wconf 87' lang='lat' dir='ltr'>preter</span> <span class='ocrx_word' id='word_1_181' title='bbox 1069 597 1102 615; x_wconf 85' lang='lat' dir='ltr'>hoc</span> 
     </span>
     <span class='ocr_line' id='line_1_18' title="bbox 177 630 1103 654; baseline 0 -7"><span class='ocrx_word' id='word_1_182' title='bbox 177 630 226 653; x_wconf 90' lang='lat' dir='ltr'>quod</span> <span class='ocrx_word' id='word_1_183' title='bbox 241 630 270 648; x_wconf 84' lang='lat' dir='ltr'>vel</span> <span class='ocrx_word' id='word_1_184' title='bbox 285 630 328 648; x_wconf 84' lang='lat' dir='ltr'>alias</span> <span class='ocrx_word' id='word_1_185' title='bbox 343 630 366 648; x_wconf 92' lang='lat' dir='ltr'>de</span> <span class='ocrx_word' id='word_1_186' title='bbox 380 630 465 654; x_wconf 85' lang='lat' dir='ltr'>personis</span> <span class='ocrx_word' id='word_1_187' title='bbox 480 636 550 651; x_wconf 83' lang='lat' dir='ltr'>eorum,</span> <span class='ocrx_word' id='word_1_188' title='bbox 566 637 599 648; x_wconf 85' lang='lat' dir='ltr'>nec</span> <span class='ocrx_word' id='word_1_189' title='bbox 614 634 700 654; x_wconf 83' lang='lat' dir='ltr'>quantum</span> <span class='ocrx_word' id='word_1_190' title='bbox 717 630 739 647; x_wconf 84' lang='lat' dir='ltr'>ad</span> <span class='ocrx_word' id='word_1_191' title='bbox 755 631 919 652; x_wconf 74' lang='lat' dir='ltr'>conversationem,</span> <span class='ocrx_word' id='word_1_192' title='bbox 934 637 967 648; x_wconf 85' lang='lat' dir='ltr'>nec</span> <span class='ocrx_word' id='word_1_193' title='bbox 982 634 1066 654; x_wconf 85' lang='lat' dir='ltr'>qnantum</span> <span class='ocrx_word' id='word_1_194' title='bbox 1082 631 1103 648; x_wconf 82' lang='lat' dir='ltr'>ad</span> 
     </span>
     <span class='ocr_line' id='line_1_19' title="bbox 176 664 1103 687; baseline 0 -6"><span class='ocrx_word' id='word_1_195' title='bbox 176 664 251 681; x_wconf 83' lang='lat' dir='ltr'>scientie</span> <span class='ocrx_word' id='word_1_196' title='bbox 266 664 391 681; x_wconf 83' lang='lat' dir='ltr'>sufficientiam</span> <span class='ocrx_word' id='word_1_197' title='bbox 405 664 433 681; x_wconf 94' lang='lat' dir='ltr'>vel</span> <span class='ocrx_word' id='word_1_198' title='bbox 448 664 600 685; x_wconf 80' lang='lat' dir='ltr'>insufficientiam,</span> <span class='ocrx_word' id='word_1_199' title='bbox 614 664 695 681; x_wconf 83' lang='lat' dir='ltr'>notitiam</span> <span class='ocrx_word' id='word_1_200' title='bbox 710 664 808 686; x_wconf 83' lang='lat' dir='ltr'>haberetis,</span> <span class='ocrx_word' id='word_1_201' title='bbox 820 670 852 682; x_wconf 88' lang='lat' dir='ltr'>vos</span> <span class='ocrx_word' id='word_1_202' title='bbox 865 664 917 687; x_wconf 87' lang='lat' dir='ltr'>quasi</span> <span class='ocrx_word' id='word_1_203' title='bbox 931 664 1025 687; x_wconf 83' lang='lat' dir='ltr'>cujusdam</span> <span class='ocrx_word' id='word_1_204' title='bbox 1038 665 1103 682; x_wconf 81' lang='lat' dir='ltr'>furoris</span> 
     </span>
     <span class='ocr_line' id='line_1_20' title="bbox 174 697 1103 721; baseline 0 -6"><span class='ocrx_word' id='word_1_205' title='bbox 174 701 236 721; x_wconf 76' lang='lat' dir='ltr'>raptus</span> <span class='ocrx_word' id='word_1_206' title='bbox 252 698 327 721; x_wconf 83' lang='lat' dir='ltr'>impetu,</span> <span class='ocrx_word' id='word_1_207' title='bbox 342 698 398 715; x_wconf 86' lang='lat' dir='ltr'>vestri</span> <span class='ocrx_word' id='word_1_208' title='bbox 412 701 469 715; x_wconf 83' lang='lat' dir='ltr'>status</span> <span class='ocrx_word' id='word_1_209' title='bbox 485 698 585 719; x_wconf 89' lang='lat' dir='ltr'>immemor,</span> <span class='ocrx_word' id='word_1_210' title='bbox 600 697 674 715; x_wconf 90' lang='lat' dir='ltr'>vidente</span> <span class='ocrx_word' id='word_1_211' title='bbox 688 698 738 715; x_wconf 85' lang='lat' dir='ltr'>clero</span> <span class='ocrx_word' id='word_1_212' title='bbox 752 701 770 715; x_wconf 89' lang='lat' dir='ltr'>et</span> <span class='ocrx_word' id='word_1_213' title='bbox 784 698 860 721; x_wconf 70' lang='lat' dir='ltr'>populo,</span> <span class='ocrx_word' id='word_1_214' title='bbox 874 698 935 715; x_wconf 89' lang='lat' dir='ltr'>verbis</span> <span class='ocrx_word' id='word_1_215' title='bbox 950 698 1103 715; x_wconf 84' lang='lat' dir='ltr'>inhonestissimis</span> 
     </span>
     <span class='ocr_line' id='line_1_21' title="bbox 174 731 1103 755; baseline 0.001 -7"><span class='ocrx_word' id='word_1_216' title='bbox 174 732 308 753; x_wconf 76' lang='lat' dir='ltr'>insestaveritis,</span> <span class='ocrx_word' id='word_1_217' title='bbox 319 738 352 749; x_wconf 84' lang='lat' dir='ltr'>eos</span> <span class='ocrx_word' id='word_1_218' title='bbox 365 739 373 748; x_wconf 71' lang='grc' dir='ltr'><strong>κ</strong></span> <span class='ocrx_word' id='word_1_219' title='bbox 386 731 448 749; x_wconf 80' lang='lat' dir='ltr'>asinos</span> <span class='ocrx_word' id='word_1_220' title='bbox 460 732 526 749; x_wconf 82' lang='lat' dir='ltr'>fetidos</span> <span class='ocrx_word' id='word_1_221' title='bbox 539 739 548 748; x_wconf 82' lang='lat'>»</span> <span class='ocrx_word' id='word_1_222' title='bbox 561 732 601 749; x_wconf 85' lang='lat' dir='ltr'>altis</span> <span class='ocrx_word' id='word_1_223' title='bbox 614 732 690 749; x_wconf 83' lang='lat' dir='ltr'>vocibus</span> <span class='ocrx_word' id='word_1_224' title='bbox 703 732 825 752; x_wconf 68' lang='lat' dir='ltr'>inclamando,</span> <span class='ocrx_word' id='word_1_225' title='bbox 835 732 890 749; x_wconf 89' lang='lat' dir='ltr'>immo</span> <span class='ocrx_word' id='word_1_226' title='bbox 903 738 935 749; x_wconf 89' lang='lat' dir='ltr'>eos</span> <span class='ocrx_word' id='word_1_227' title='bbox 945 738 977 755; x_wconf 89' lang='lat' dir='ltr'>pre</span> <span class='ocrx_word' id='word_1_228' title='bbox 988 732 1042 749; x_wconf 91' lang='lat' dir='ltr'>nimia</span> <span class='ocrx_word' id='word_1_229' title='bbox 1053 738 1103 749; x_wconf 84' lang='lat' dir='ltr'>vere—</span> 
     </span>
     <span class='ocr_line' id='line_1_22' title="bbox 175 765 1052 789; baseline 0.001 -7"><span class='ocrx_word' id='word_1_230' title='bbox 175 765 239 783; x_wconf 85' lang='lat' dir='ltr'>cundia</span> <span class='ocrx_word' id='word_1_231' title='bbox 250 765 341 789; x_wconf 73' lang='lat' dir='ltr'>i&#39;ugientes</span> <span class='ocrx_word' id='word_1_232' title='bbox 352 765 468 783; x_wconf 76' lang='lat' dir='ltr'>tumultuosis</span> <span class='ocrx_word' id='word_1_233' title='bbox 479 765 596 787; x_wconf 83' lang='lat' dir='ltr'>clamoribus,</span> <span class='ocrx_word' id='word_1_234' title='bbox 607 769 669 783; x_wconf 82' lang='lat' dir='ltr'>contra</span> <span class='ocrx_word' id='word_1_235' title='bbox 678 765 735 783; x_wconf 84' lang='lat' dir='ltr'>vestri</span> <span class='ocrx_word' id='word_1_236' title='bbox 744 769 802 783; x_wconf 81' lang='lat' dir='ltr'>status</span> <span class='ocrx_word' id='word_1_237' title='bbox 812 765 920 787; x_wconf 79' lang='lat' dir='ltr'>decentiam,</span> <span class='ocrx_word' id='word_1_238' title='bbox 931 765 1052 789; x_wconf 67' lang='lat' dir='ltr'>insequend03</span> 
     </span>
    </p>

    <p class='ocr_par' dir='ltr' id='par_1_6' title="bbox 175 799 1103 991">
     <span class='ocr_line' id='line_1_23' title="bbox 219 799 1102 822; baseline 0 -6"><span class='ocrx_word' id='word_1_239' title='bbox 219 800 270 820; x_wconf 82' lang='lat' dir='ltr'>ltem,</span> <span class='ocrx_word' id='word_1_240' title='bbox 280 806 320 816; x_wconf 89' lang='lat' dir='ltr'>cnm</span> <span class='ocrx_word' id='word_1_241' title='bbox 330 799 353 817; x_wconf 93' lang='lat' dir='ltr'>ad</span> <span class='ocrx_word' id='word_1_242' title='bbox 363 799 450 816; x_wconf 86' lang='lat' dir='ltr'>honorem</span> <span class='ocrx_word' id='word_1_243' title='bbox 460 799 611 817; x_wconf 78' lang='lat' dir='ltr'>lieentiandorurn</span> <span class='ocrx_word' id='word_1_244' title='bbox 625 802 643 816; x_wconf 93' lang='lat' dir='ltr'>et</span> <span class='ocrx_word' id='word_1_245' title='bbox 651 799 674 816; x_wconf 84' lang='lat' dir='ltr'>ad</span> <span class='ocrx_word' id='word_1_246' title='bbox 684 805 747 816; x_wconf 85' lang='lat' dir='ltr'>eorum</span> <span class='ocrx_word' id='word_1_247' title='bbox 758 800 840 817; x_wconf 81' lang='lat' dir='ltr'>licentias</span> <span class='ocrx_word' id='word_1_248' title='bbox 850 799 976 817; x_wconf 76' lang='lat' dir='ltr'>honorabilius</span> <span class='ocrx_word' id='word_1_249' title='bbox 986 799 1102 822; x_wconf 82' lang='lat' dir='ltr'>publicandas</span> 
     </span>
     <span class='ocr_line' id='line_1_24' title="bbox 175 833 1103 856; baseline 0 -6"><span class='ocrx_word' id='word_1_250' title='bbox 175 833 262 850; x_wconf 86' lang='lat' dir='ltr'>hactenus</span> <span class='ocrx_word' id='word_1_251' title='bbox 277 833 356 850; x_wconf 86' lang='lat' dir='ltr'>extiterit</span> <span class='ocrx_word' id='word_1_252' title='bbox 371 833 451 850; x_wconf 75' lang='lat' dir='ltr'>Par-isius</span> <span class='ocrx_word' id='word_1_253' title='bbox 465 833 588 855; x_wconf 79' lang='lat' dir='ltr'>observatum,</span> <span class='ocrx_word' id='word_1_254' title='bbox 602 833 650 856; x_wconf 90' lang='lat' dir='ltr'>quod</span> <span class='ocrx_word' id='word_1_255' title='bbox 666 833 684 850; x_wconf 91' lang='lat' dir='ltr'>in</span> <span class='ocrx_word' id='word_1_256' title='bbox 699 833 770 850; x_wconf 75' lang='lat' dir='ltr'>fervore</span> <span class='ocrx_word' id='word_1_257' title='bbox 785 833 841 851; x_wconf 82' lang='lat' dir='ltr'>studii</span> <span class='ocrx_word' id='word_1_258' title='bbox 858 836 876 850; x_wconf 96' lang='lat' dir='ltr'>et</span> <span class='ocrx_word' id='word_1_259' title='bbox 894 833 913 850; x_wconf 91' lang='lat' dir='ltr'>in</span> <span class='ocrx_word' id='word_1_260' title='bbox 929 833 1024 850; x_wconf 76' lang='lat' dir='ltr'>scolarium</span> <span class='ocrx_word' id='word_1_261' title='bbox 1042 833 1103 856; x_wconf 88' lang='lat' dir='ltr'>majori</span> 
     </span>
     <span class='ocr_line' id='line_1_25' title="bbox 176 866 1102 890; baseline 0.001 -7"><span class='ocrx_word' id='word_1_262' title='bbox 176 867 291 884; x_wconf 85' lang='lat' dir='ltr'>multitudine</span> <span class='ocrx_word' id='word_1_263' title='bbox 307 866 446 884; x_wconf 82' lang='lat' dir='ltr'>licentiabantur</span> <span class='ocrx_word' id='word_1_264' title='bbox 462 867 547 884; x_wconf 83' lang='lat' dir='ltr'>bacalarii</span> <span class='ocrx_word' id='word_1_265' title='bbox 561 867 580 884; x_wconf 91' lang='lat' dir='ltr'>in</span> <span class='ocrx_word' id='word_1_266' title='bbox 592 866 673 890; x_wconf 87' lang='lat' dir='ltr'>qnalibet</span> <span class='ocrx_word' id='word_1_267' title='bbox 684 866 774 888; x_wconf 78' lang='lat' dir='ltr'>facultate,</span> <span class='ocrx_word' id='word_1_268' title='bbox 788 870 805 884; x_wconf 88' lang='lat' dir='ltr'>et</span> <span class='ocrx_word' id='word_1_269' title='bbox 819 873 859 889; x_wconf 70' lang='lat' dir='ltr'>vos,</span> <span class='ocrx_word' id='word_1_270' title='bbox 871 867 979 884; x_wconf 84' lang='lat' dir='ltr'>cancellarie</span> <span class='ocrx_word' id='word_1_271' title='bbox 990 867 1102 888; x_wconf 83' lang='lat' dir='ltr'>Parisiensis,</span> 
     </span>
     <span class='ocr_line' id='line_1_26' title="bbox 175 900 1102 924; baseline 0 -7"><span class='ocrx_word' id='word_1_272' title='bbox 175 904 237 918; x_wconf 83' lang='lat' dir='ltr'>contra</span> <span class='ocrx_word' id='word_1_273' title='bbox 243 900 308 918; x_wconf 85' lang='lat' dir='ltr'>dictam</span> <span class='ocrx_word' id='word_1_274' title='bbox 316 900 475 922; x_wconf 74' lang='lat' dir='ltr'>consuetudinem,</span> <span class='ocrx_word' id='word_1_275' title='bbox 483 901 552 923; x_wconf 85' lang='lat' dir='ltr'>absque</span> <span class='ocrx_word' id='word_1_276' title='bbox 559 900 709 918; x_wconf 82' lang='lat' dir='ltr'>necessitatisvel</span> <span class='ocrx_word' id='word_1_277' title='bbox 716 900 793 924; x_wconf 85' lang='lat' dir='ltr'>alicujus</span> <span class='ocrx_word' id='word_1_278' title='bbox 801 907 855 918; x_wconf 80' lang='lat' dir='ltr'>cause</span> <span class='ocrx_word' id='word_1_279' title='bbox 863 900 970 918; x_wconf 82' lang='lat' dir='ltr'>sufficientis</span> <span class='ocrx_word' id='word_1_280' title='bbox 978 900 1064 924; x_wconf 70' lang='lat' dir='ltr'>impulsu,</span> <span class='ocrx_word' id='word_1_281' title='bbox 1072 901 1102 917; x_wconf 86' lang='lat' dir='ltr'>sed</span> 
     </span>
     <span class='ocr_line' id='line_1_27' title="bbox 175 933 1103 957; baseline 0 -6"><span class='ocrx_word' id='word_1_282' title='bbox 175 934 234 951; x_wconf 85' lang='lat' dir='ltr'>solum</span> <span class='ocrx_word' id='word_1_283' title='bbox 249 941 282 957; x_wconf 84' lang='lat' dir='ltr'>pro</span> <span class='ocrx_word' id='word_1_284' title='bbox 292 938 353 952; x_wconf 81' lang='lat' dir='ltr'>vestre</span> <span class='ocrx_word' id='word_1_285' title='bbox 363 934 415 951; x_wconf 90' lang='lat' dir='ltr'>libito</span> <span class='ocrx_word' id='word_1_286' title='bbox 429 934 535 956; x_wconf 72' lang='lat' dir='ltr'>voluntatis,</span> <span class='ocrx_word' id='word_1_287' title='bbox 545 934 628 951; x_wconf 81' lang='lat' dir='ltr'>licentias</span> <span class='ocrx_word' id='word_1_288' title='bbox 642 933 660 951; x_wconf 91' lang='lat' dir='ltr'>in</span> <span class='ocrx_word' id='word_1_289' title='bbox 675 934 745 951; x_wconf 86' lang='lat' dir='ltr'>artibus</span> <span class='ocrx_word' id='word_1_290' title='bbox 761 934 876 952; x_wconf 81' lang='lat' dir='ltr'>contuleritis</span> <span class='ocrx_word' id='word_1_291' title='bbox 892 934 1001 951; x_wconf 86' lang='lat' dir='ltr'>inconsueto</span> <span class='ocrx_word' id='word_1_292' title='bbox 1018 937 1103 957; x_wconf 81' lang='lat' dir='ltr'>tempore,</span> 
     </span>
     <span class='ocr_line' id='line_1_28' title="bbox 175 967 1064 991; baseline -0.001 -6"><span class='ocrx_word' id='word_1_293' title='bbox 175 968 274 991; x_wconf 78' lang='lat' dir='ltr'>expediens</span> <span class='ocrx_word' id='word_1_294' title='bbox 285 968 389 991; x_wconf 81' lang='lat' dir='ltr'>provisione</span> <span class='ocrx_word' id='word_1_295' title='bbox 399 968 471 991; x_wconf 85' lang='lat' dir='ltr'>pejores</span> <span class='ocrx_word' id='word_1_296' title='bbox 482 974 522 985; x_wconf 80' lang='lat' dir='ltr'>cum</span> <span class='ocrx_word' id='word_1_297' title='bbox 533 967 647 988; x_wconf 82' lang='lat' dir='ltr'>melioribus,</span> <span class='ocrx_word' id='word_1_298' title='bbox 657 967 726 990; x_wconf 81' lang='lat' dir='ltr'>gradus</span> <span class='ocrx_word' id='word_1_299' title='bbox 735 967 808 985; x_wconf 86' lang='lat' dir='ltr'>debitos</span> <span class='ocrx_word' id='word_1_300' title='bbox 818 971 836 985; x_wconf 84' lang='lat' dir='ltr'>et</span> <span class='ocrx_word' id='word_1_301' title='bbox 845 971 929 985; x_wconf 87' lang='lat' dir='ltr'>assuetos</span> <span class='ocrx_word' id='word_1_302' title='bbox 939 968 1064 988; x_wconf 72' lang='lat' dir='ltr'>ommittend03</span> 
     </span>
    </p>

    <p class='ocr_par' dir='ltr' id='par_1_7' title="bbox 174 1000 1105 1090">
     <span class='ocr_line' id='line_1_29' title="bbox 219 1000 1104 1024; baseline -0.001 -6"><span class='ocrx_word' id='word_1_303' title='bbox 219 1001 271 1022; x_wconf 76' lang='lat' dir='ltr'>ltem,</span> <span class='ocrx_word' id='word_1_304' title='bbox 284 1007 325 1018; x_wconf 84' lang='lat' dir='ltr'>cum</span> <span class='ocrx_word' id='word_1_305' title='bbox 338 1007 371 1018; x_wconf 90' lang='lat' dir='ltr'>vos</span> <span class='ocrx_word' id='word_1_306' title='bbox 387 1004 449 1018; x_wconf 86' lang='lat' dir='ltr'>contra</span> <span class='ocrx_word' id='word_1_307' title='bbox 462 1004 526 1019; x_wconf 81' lang='lat' dir='ltr'>statuta</span> <span class='ocrx_word' id='word_1_308' title='bbox 540 1001 636 1024; x_wconf 83' lang='lat' dir='ltr'>quemdam</span> <span class='ocrx_word' id='word_1_309' title='bbox 650 1000 746 1022; x_wconf 81' lang='lat' dir='ltr'>scolarem,</span> <span class='ocrx_word' id='word_1_310' title='bbox 761 1001 779 1017; x_wconf 93' lang='lat' dir='ltr'>in</span> <span class='ocrx_word' id='word_1_311' title='bbox 794 1001 884 1024; x_wconf 84' lang='lat' dir='ltr'>religione</span> <span class='ocrx_word' id='word_1_312' title='bbox 899 1001 1009 1023; x_wconf 73' lang='lat' dir='ltr'>professum,</span> <span class='ocrx_word' id='word_1_313' title='bbox 1025 1000 1104 1018; x_wconf 82' lang='lat' dir='ltr'>licentia-</span> 
     </span>
     <span class='ocr_line' id='line_1_30' title="bbox 174 1034 1105 1058; baseline 0 -7"><span class='ocrx_word' id='word_1_314' title='bbox 174 1034 237 1052; x_wconf 87' lang='lat' dir='ltr'>veritis</span> <span class='ocrx_word' id='word_1_315' title='bbox 249 1034 272 1051; x_wconf 85' lang='lat' dir='ltr'>de</span> <span class='ocrx_word' id='word_1_316' title='bbox 285 1034 390 1058; x_wconf 84' lang='lat' dir='ltr'>incipiendo</span> <span class='ocrx_word' id='word_1_317' title='bbox 402 1038 420 1052; x_wconf 85' lang='lat' dir='ltr'>et</span> <span class='ocrx_word' id='word_1_318' title='bbox 433 1034 513 1058; x_wconf 76' lang='lat' dir='ltr'>legendo</span> <span class='ocrx_word' id='word_1_319' title='bbox 525 1035 544 1052; x_wconf 86' lang='lat' dir='ltr'>in</span> <span class='ocrx_word' id='word_1_320' title='bbox 557 1035 633 1056; x_wconf 86' lang='lat' dir='ltr'>artibus,</span> <span class='ocrx_word' id='word_1_321' title='bbox 644 1040 681 1051; x_wconf 89' lang='lat' dir='ltr'>non</span> <span class='ocrx_word' id='word_1_322' title='bbox 694 1034 777 1051; x_wconf 85' lang='lat' dir='ltr'>obstante</span> <span class='ocrx_word' id='word_1_323' title='bbox 790 1034 839 1057; x_wconf 90' lang='lat' dir='ltr'>quod</span> <span class='ocrx_word' id='word_1_324' title='bbox 849 1034 954 1057; x_wconf 80' lang='lat' dir='ltr'>juraveritis</span> <span class='ocrx_word' id='word_1_325' title='bbox 967 1034 1075 1052; x_wconf 80' lang='lat' dir='ltr'>eontrarium</span> <span class='ocrx_word' id='word_1_326' title='bbox 1087 1037 1105 1051; x_wconf 85' lang='lat' dir='ltr'>et</span> 
     </span>
     <span class='ocr_line' id='line_1_31' title="bbox 175 1068 280 1090; baseline 0 -6"><span class='ocrx_word' id='word_1_327' title='bbox 175 1068 280 1090; x_wconf 78' lang='lat' dir='ltr'>expresse⁴;</span> 
     </span>
    </p>

    <p class='ocr_par' dir='ltr' id='par_1_8' title="bbox 174 1101 1105 1359">
     <span class='ocr_line' id='line_1_32' title="bbox 219 1101 1104 1125; baseline 0 -7"><span class='ocrx_word' id='word_1_328' title='bbox 219 1101 270 1122; x_wconf 79' lang='lat' dir='ltr'>ltem,</span> <span class='ocrx_word' id='word_1_329' title='bbox 281 1104 350 1118; x_wconf 83' lang='lat' dir='ltr'>certum</span> <span class='ocrx_word' id='word_1_330' title='bbox 361 1104 389 1118; x_wconf 87' lang='lat' dir='ltr'>est</span> <span class='ocrx_word' id='word_1_331' title='bbox 398 1101 446 1124; x_wconf 92' lang='lat' dir='ltr'>quod</span> <span class='ocrx_word' id='word_1_332' title='bbox 457 1101 551 1119; x_wconf 85' lang='lat' dir='ltr'>nobilibus</span> <span class='ocrx_word' id='word_1_333' title='bbox 561 1105 579 1118; x_wconf 93' lang='lat' dir='ltr'>et</span> <span class='ocrx_word' id='word_1_334' title='bbox 588 1101 692 1125; x_wconf 86' lang='lat' dir='ltr'>petentibus</span> <span class='ocrx_word' id='word_1_335' title='bbox 703 1107 739 1118; x_wconf 90' lang='lat' dir='ltr'>non</span> <span class='ocrx_word' id='word_1_336' title='bbox 749 1101 882 1119; x_wconf 83' lang='lat' dir='ltr'>sufficientibus</span> <span class='ocrx_word' id='word_1_337' title='bbox 892 1101 914 1118; x_wconf 83' lang='lat' dir='ltr'>ad</span> <span class='ocrx_word' id='word_1_338' title='bbox 924 1101 1040 1118; x_wconf 75' lang='lat' dir='ltr'>obtinendam</span> <span class='ocrx_word' id='word_1_339' title='bbox 1050 1101 1104 1118; x_wconf 84' lang='lat' dir='ltr'>licen-</span> 
     </span>
     <span class='ocr_line' id='line_1_33' title="bbox 175 1134 1103 1158; baseline 0 -7"><span class='ocrx_word' id='word_1_340' title='bbox 175 1135 216 1152; x_wconf 77' lang='lat' dir='ltr'>tiam</span> <span class='ocrx_word' id='word_1_341' title='bbox 230 1140 263 1157; x_wconf 89' lang='lat' dir='ltr'>per</span> <span class='ocrx_word' id='word_1_342' title='bbox 276 1134 363 1158; x_wconf 80' lang='lat' dir='ltr'>rigorem,</span> <span class='ocrx_word' id='word_1_343' title='bbox 373 1140 450 1157; x_wconf 85' lang='lat' dir='ltr'>quorum</span> <span class='ocrx_word' id='word_1_344' title='bbox 464 1134 536 1152; x_wconf 87' lang='lat' dir='ltr'>licentia</span> <span class='ocrx_word' id='word_1_345' title='bbox 551 1138 569 1152; x_wconf 88' lang='lat' dir='ltr'>et</span> <span class='ocrx_word' id='word_1_346' title='bbox 581 1135 661 1158; x_wconf 83' lang='lat' dir='ltr'>inceptio</span> <span class='ocrx_word' id='word_1_347' title='bbox 674 1134 739 1152; x_wconf 85' lang='lat' dir='ltr'>cedere</span> <span class='ocrx_word' id='word_1_348' title='bbox 753 1138 813 1158; x_wconf 88' lang='lat' dir='ltr'>potest</span> <span class='ocrx_word' id='word_1_349' title='bbox 827 1135 845 1152; x_wconf 89' lang='lat' dir='ltr'>in</span> <span class='ocrx_word' id='word_1_350' title='bbox 858 1135 946 1152; x_wconf 85' lang='lat' dir='ltr'>honorem</span> <span class='ocrx_word' id='word_1_351' title='bbox 959 1139 978 1152; x_wconf 86' lang='lat' dir='ltr'>et</span> <span class='ocrx_word' id='word_1_352' title='bbox 991 1134 1103 1152; x_wconf 86' lang='lat' dir='ltr'>commodum</span> 
     </span>
     <span class='ocr_line' id='line_1_34' title="bbox 176 1167 1103 1191; baseline 0.001 -7"><span class='ocrx_word' id='word_1_353' title='bbox 176 1168 230 1185; x_wconf 86' lang='lat' dir='ltr'>totins</span> <span class='ocrx_word' id='word_1_354' title='bbox 246 1167 343 1189; x_wconf 78' lang='lat' dir='ltr'>facultatis,</span> <span class='ocrx_word' id='word_1_355' title='bbox 358 1168 405 1185; x_wconf 92' lang='lat' dir='ltr'>bene</span> <span class='ocrx_word' id='word_1_356' title='bbox 422 1171 450 1184; x_wconf 86' lang='lat' dir='ltr'>est</span> <span class='ocrx_word' id='word_1_357' title='bbox 462 1168 573 1191; x_wconf 84' lang='lat' dir='ltr'>aliquotiens</span> <span class='ocrx_word' id='word_1_358' title='bbox 587 1167 739 1191; x_wconf 60' lang='lat' dir='ltr'>dispensandum</span> <span class='ocrx_word' id='word_1_359' title='bbox 754 1168 787 1185; x_wconf 83' lang='lat' dir='ltr'>sed</span> <span class='ocrx_word' id='word_1_360' title='bbox 800 1174 840 1185; x_wconf 79' lang='lat' dir='ltr'>cum</span> <span class='ocrx_word' id='word_1_361' title='bbox 856 1168 911 1191; x_wconf 87' lang='lat' dir='ltr'>aliqui</span> <span class='ocrx_word' id='word_1_362' title='bbox 925 1168 947 1185; x_wconf 90' lang='lat' dir='ltr'>de</span> <span class='ocrx_word' id='word_1_363' title='bbox 960 1168 1026 1185; x_wconf 79' lang='lat' dir='ltr'>familia</span> <span class='ocrx_word' id='word_1_364' title='bbox 1039 1172 1103 1189; x_wconf 72' lang='lat' dir='ltr'>vestra,</span> 
     </span>
     <span class='ocr_line' id='line_1_35' title="bbox 174 1201 1104 1225; baseline 0.001 -7"><span class='ocrx_word' id='word_1_365' title='bbox 174 1201 229 1224; x_wconf 81' lang='lat' dir='ltr'>aliqui</span> <span class='ocrx_word' id='word_1_366' title='bbox 244 1201 274 1218; x_wconf 89' lang='lat' dir='ltr'>alii</span> <span class='ocrx_word' id='word_1_367' title='bbox 291 1201 339 1222; x_wconf 82' lang='lat' dir='ltr'>laici,</span> <span class='ocrx_word' id='word_1_368' title='bbox 354 1201 441 1218; x_wconf 89' lang='lat' dir='ltr'>mulieres</span> <span class='ocrx_word' id='word_1_369' title='bbox 455 1204 473 1218; x_wconf 87' lang='lat' dir='ltr'>et</span> <span class='ocrx_word' id='word_1_370' title='bbox 489 1201 543 1218; x_wconf 82' lang='lat' dir='ltr'>etiam</span> <span class='ocrx_word' id='word_1_371' title='bbox 557 1201 644 1219; x_wconf 88' lang='lat' dir='ltr'>istriones</span> <span class='ocrx_word' id='word_1_372' title='bbox 658 1201 729 1224; x_wconf 81' lang='lat' dir='ltr'>gracias</span> <span class='ocrx_word' id='word_1_373' title='bbox 742 1201 816 1219; x_wconf 80' lang='lat' dir='ltr'>venales</span> <span class='ocrx_word' id='word_1_374' title='bbox 832 1202 859 1219; x_wconf 87' lang='lat' dir='ltr'>eis</span> <span class='ocrx_word' id='word_1_375' title='bbox 873 1208 882 1218; x_wconf 93' lang='lat' dir='ltr'>a</span> <span class='ocrx_word' id='word_1_376' title='bbox 896 1201 949 1219; x_wconf 86' lang='lat' dir='ltr'>vobis</span> <span class='ocrx_word' id='word_1_377' title='bbox 963 1207 1060 1219; x_wconf 83' lang='lat' dir='ltr'>concessas</span> <span class='ocrx_word' id='word_1_378' title='bbox 1073 1207 1104 1225; x_wconf 82' lang='lat' dir='ltr'>per</span> 
     </span>
     <span class='ocr_line' id='line_1_36' title="bbox 174 1234 1104 1258; baseline 0.001 -7"><span class='ocrx_word' id='word_1_379' title='bbox 174 1235 234 1252; x_wconf 83' lang='lat' dir='ltr'>villam</span> <span class='ocrx_word' id='word_1_380' title='bbox 247 1235 310 1258; x_wconf 88' lang='lat' dir='ltr'>sepius</span> <span class='ocrx_word' id='word_1_381' title='bbox 323 1234 423 1252; x_wconf 81' lang='lat' dir='ltr'>detulerint</span> <span class='ocrx_word' id='word_1_382' title='bbox 432 1234 505 1257; x_wconf 87' lang='lat' dir='ltr'>publice</span> <span class='ocrx_word' id='word_1_383' title='bbox 517 1235 539 1251; x_wconf 91' lang='lat' dir='ltr'>ad</span> <span class='ocrx_word' id='word_1_384' title='bbox 550 1235 675 1255; x_wconf 83' lang='lat' dir='ltr'>vendendum;</span> <span class='ocrx_word' id='word_1_385' title='bbox 688 1241 722 1251; x_wconf 87' lang='lat' dir='ltr'>nec</span> <span class='ocrx_word' id='word_1_386' title='bbox 734 1235 835 1258; x_wconf 81' lang='lat' dir='ltr'>querebant</span> <span class='ocrx_word' id='word_1_387' title='bbox 847 1235 919 1252; x_wconf 87' lang='lat' dir='ltr'>nobiles</span> <span class='ocrx_word' id='word_1_388' title='bbox 931 1241 964 1252; x_wconf 85' lang='lat' dir='ltr'>nee</span> <span class='ocrx_word' id='word_1_389' title='bbox 977 1235 1062 1257; x_wconf 73' lang='lat' dir='ltr'>scientes,</span> <span class='ocrx_word' id='word_1_390' title='bbox 1073 1235 1104 1252; x_wconf 89' lang='lat' dir='ltr'>sed</span> 
     </span>
     <span class='ocr_line' id='line_1_37' title="bbox 174 1268 1104 1292; baseline 0.001 -7"><span class='ocrx_word' id='word_1_391' title='bbox 174 1268 281 1292; x_wconf 85' lang='lat' dir='ltr'>simpliciter</span> <span class='ocrx_word' id='word_1_392' title='bbox 291 1268 405 1292; x_wconf 75' lang='lat' dir='ltr'>ignorantes,</span> <span class='ocrx_word' id='word_1_393' title='bbox 415 1268 447 1291; x_wconf 91' lang='lat' dir='ltr'>qui</span> <span class='ocrx_word' id='word_1_394' title='bbox 457 1271 516 1285; x_wconf 71' lang='lat' dir='ltr'>tannen</span> <span class='ocrx_word' id='word_1_395' title='bbox 526 1272 602 1291; x_wconf 87' lang='lat' dir='ltr'>possent</span> <span class='ocrx_word' id='word_1_396' title='bbox 612 1274 662 1286; x_wconf 77' lang='lat' dir='ltr'>suain</span> <span class='ocrx_word' id='word_1_397' title='bbox 673 1268 793 1292; x_wconf 75' lang='lat' dir='ltr'>ignorantiam</span> <span class='ocrx_word' id='word_1_398' title='bbox 804 1268 894 1286; x_wconf 83' lang='lat' dir='ltr'>redimere</span> <span class='ocrx_word' id='word_1_399' title='bbox 904 1274 936 1292; x_wconf 88' lang='lat' dir='ltr'>per</span> <span class='ocrx_word' id='word_1_400' title='bbox 946 1268 1019 1286; x_wconf 85' lang='lat' dir='ltr'>multam</span> <span class='ocrx_word' id='word_1_401' title='bbox 1030 1269 1104 1292; x_wconf 87' lang='lat' dir='ltr'>pecunie</span> 
     </span>
     <span class='ocr_line' id='line_1_38' title="bbox 174 1301 1104 1326; baseline 0.001 -7"><span class='ocrx_word' id='word_1_402' title='bbox 174 1302 299 1325; x_wconf 69' lang='lat' dir='ltr'>quantitatem3</span> <span class='ocrx_word' id='word_1_403' title='bbox 311 1305 329 1319; x_wconf 87' lang='lat' dir='ltr'>et</span> <span class='ocrx_word' id='word_1_404' title='bbox 338 1308 378 1323; x_wconf 65' lang='lat' dir='ltr'>vos,</span> <span class='ocrx_word' id='word_1_405' title='bbox 391 1301 498 1319; x_wconf 84' lang='lat' dir='ltr'>cancellarie</span> <span class='ocrx_word' id='word_1_406' title='bbox 509 1302 624 1322; x_wconf 81' lang='lat' dir='ltr'>Parisiensis,</span> <span class='ocrx_word' id='word_1_407' title='bbox 636 1301 692 1319; x_wconf 82' lang='lat' dir='ltr'>dictas</span> <span class='ocrx_word' id='word_1_408' title='bbox 706 1302 783 1325; x_wconf 81' lang='lat' dir='ltr'>gracias,</span> <span class='ocrx_word' id='word_1_409' title='bbox 794 1302 871 1325; x_wconf 80' lang='lat' dir='ltr'>pecunie</span> <span class='ocrx_word' id='word_1_410' title='bbox 884 1302 942 1325; x_wconf 89' lang='lat' dir='ltr'>pretio</span> <span class='ocrx_word' id='word_1_411' title='bbox 953 1303 1071 1326; x_wconf 71' lang='lat' dir='ltr'>appreciatas,</span> <span class='ocrx_word' id='word_1_412' title='bbox 1083 1303 1104 1320; x_wconf 86' lang='lat' dir='ltr'>ad</span> 
     </span>
     <span class='ocr_line' id='line_1_39' title="bbox 174 1335 1105 1359; baseline 0 -6"><span class='ocrx_word' id='word_1_413' title='bbox 174 1335 263 1353; x_wconf 78' lang='lat' dir='ltr'>dictorum</span> <span class='ocrx_word' id='word_1_414' title='bbox 284 1335 387 1353; x_wconf 81' lang='lat' dir='ltr'>instantiam</span> <span class='ocrx_word' id='word_1_415' title='bbox 409 1339 538 1356; x_wconf 75' lang='lat' dir='ltr'>mercatorum=</span> <span class='ocrx_word' id='word_1_416' title='bbox 561 1335 669 1358; x_wconf 83' lang='lat' dir='ltr'>quibusdam</span> <span class='ocrx_word' id='word_1_417' title='bbox 693 1335 787 1352; x_wconf 78' lang='lat' dir='ltr'>baealariis</span> <span class='ocrx_word' id='word_1_418' title='bbox 809 1335 907 1357; x_wconf 71' lang='lat' dir='ltr'>dederitis,</span> <span class='ocrx_word' id='word_1_419' title='bbox 928 1339 945 1359; x_wconf 82' lang='lat' dir='ltr'>et</span> <span class='ocrx_word' id='word_1_420' title='bbox 966 1336 1010 1353; x_wconf 86' lang='lat' dir='ltr'>tanti</span> <span class='ocrx_word' id='word_1_421' title='bbox 1031 1336 1105 1354; x_wconf 81' lang='lat' dir='ltr'>sceleris</span> 
     </span>
    </p>
   </div>
  </div>
 </body>
</html>
