1273 1538
181 67 226 86 1309]
376 73 399 84 ΑΒ
416 73 469 84 nmo
486 73 603 85 ucczxxxvx
620 73 686 88 usque
703 74 727 85 an
744 73 812 85 aum-m
828 74 900 85 mecca.
1072 68 1104 85 139

180 112 256 129 tuuntur,
271 114 303 130 per
318 114 353 130 que
367 108 423 130 pacis,
438 108 514 125 honoris
528 111 546 125 et
558 108 641 125 utilimtis
656 108 729 131 publice
744 112 851 131 procuratur
865 112 988 131 augmentum,
1003 109 1066 125 eadem
1081 109 1102 125 ab

179 141 260 157 omnibus
270 140 336 157 debent
345 140 494 163 irrefragabiliter
505 140 604 157 observari.
618 140 664 157 Cum
676 140 699 156 de
710 140 763 157 modo
777 140 870 161 pecuniam
885 140 994 157 observandi
1005 141 1023 156 in
1035 140 1103 163 prefata

180 173 251 190 nacione
266 172 392 189 conservetur¹
407 175 500 193 statutum,
516 175 570 194 prout
587 172 606 188 in
622 172 699 194 quadam
714 172 779 192 littera,
793 177 849 194 super
863 172 897 188 hoc
911 172 991 188 confecta
1008 175 1026 188 et
1041 172 1103 195 sigillo

179 205 257 222 nacionis
271 204 379 226 confirmata,
394 205 500 227 expressius
515 204 624 224 continetur,
640 210 703 221 verum
718 204 759 227 quia
774 204 797 220 de
811 204 865 220 modo
880 204 955 220 vocandi
972 204 1068 226 magistros
1082 210 1103 221 ac

178 237 231 254 eciam
241 237 335 253 ordinandi
345 237 367 253 de
378 237 439 253 eadem
455 237 515 253 minus
528 236 617 259 complete
632 237 691 253 extitit
705 237 817 257 ordinatum3
833 242 867 253 nos
879 239 938 253 autem
951 242 1023 252 omnem
1033 236 1102 253 dissen-

178 270 233 286 sionis
247 270 336 286 materiam
352 275 384 286 seu
398 269 451 291 brige
463 269 561 285 detrudere
576 269 677 291 cupientes,
693 275 749 291 super
762 269 798 286 hiis
810 269 832 286 de
843 269 910 291 quibus
922 269 941 285 in
954 269 1020 285 futuris
1033 272 1103 291 tempo-

178 302 232 322 ribus,
242 302 338 324 instigante
351 301 430 322 diabolo,
444 302 490 318 inter
503 307 537 318 nos
550 304 568 317 et
580 305 653 318 nostros
669 307 787 318 successores
799 305 862 324 posset
874 302 965 318 discordia
977 301 1068 324 generari,
1081 307 1103 318 ex

178 334 253 350 unanimi
268 339 357 350 consensu
372 333 452 350 omnium
468 336 550 350 nostrum
566 334 588 350 de
601 333 648 350 dicta
663 333 745 353 nacione,
757 333 775 349 in
787 334 854 350 arcium
866 334 950 350 facultate
960 333 1069 356 regentium,
1080 333 1102 350 ad

178 366 209 382 hoe
219 365 320 388 specialiter
329 372 350 382 ex
361 369 410 388 parte
420 366 550 388 procuratoris,
562 371 594 388 per
604 366 714 382 servientem
723 366 810 387 juratum,
821 366 868 388 apud
879 366 946 382 dictum
956 366 1047 383 Julianum
1060 366 1102 382 Pau-

178 404 242 420 perem,
253 401 305 420 prout
314 398 370 414 moris
378 401 412 419 est,
420 401 531 418 vocatorum,
542 401 616 420 pensata
627 398 704 414 utilitate
714 398 796 414 nacionis
806 398 893 420 predicte,
905 401 922 414 et
932 404 987 420 super
997 398 1031 415 hoc
1041 398 1102 415 habito

178 433 247 446 tractatu
259 430 347 453 diligenti,
358 430 488 451 ordinavimus,
500 433 517 447 et
527 430 578 447 nullo
591 430 700 447 reclamante
710 430 814 451 statuimus,
825 430 874 452 quod
884 430 1003 452 imposterum
1013 430 1069 447 nichil
1080 431 1102 447 de

178 462 253 484 predicta
263 462 337 484 pecunia
347 462 406 484 possit
416 462 461 483 dari,
470 462 562 482 distribui,
571 462 655 483 diminui,
664 462 756 483 desalcari,
765 468 798 479 nec
808 462 831 478 ad
840 462 911 484 aliquos
920 468 965 478 usus
972 462 1060 482 converti,
1069 468 1102 479 nec

177 501 185 511 a
195 497 308 516 procuratore
318 494 401 516 proponi,
412 500 445 511 seu
460 500 534 517 quoquo
546 495 600 511 modo
613 495 694 511 ordinari
705 494 727 511 de
738 495 808 515 eadem,
819 494 854 511 nisi
867 494 944 516 quilibet
956 494 1048 517 magister,
1060 498 1102 511 tunc

177 530 214 543 actu
227 532 297 549 regens,
312 532 344 549 per
358 527 467 543 servientem
478 527 566 549 juratum,
577 527 599 543 ad
613 527 647 543 hoc
663 530 680 543 et
695 532 751 549 super
765 527 799 543 hoo
813 530 887 543 vocatus
901 527 954 543 suerit
970 527 1073 548 specialiter
1085 530 1103 543 et

177 564 265 581 expresse,
275 559 302 575 Ad
314 559 347 575 hec
360 562 418 575 autem
430 559 508 575 tenenda
521 562 539 575 et
551 559 681 576 inviolabiliter
693 559 814 579 observanda,
827 564 891 575 omnes
903 562 1030 581 procuratores
1043 559 1102 581 quiin

178 592 221 608 dicta
231 591 304 607 nacione
317 591 400 607 decetero
413 591 511 614 eligentur,
523 597 556 607 nec
567 597 603 608 non
617 594 634 608 et
646 597 710 608 omnes
721 591 740 607 in
752 591 799 608 dicta
810 591 886 608 nacione
896 591 992 613 incepturi,
1003 597 1035 608 seu
1046 591 1101 608 eciam

177 623 275 645 inceptione
290 624 353 644 [facta],
370 629 389 640 se
405 629 438 645 per
451 624 525 646 propria
533 624 634 645 juramenta
653 623 732 640 fideliter
743 623 859 646 obligabunn
875 627 892 640 et
905 624 987 645 insuper,
1002 623 1024 639 ad
1038 629 1102 645 proce-

178 655 253 672 dendum
264 659 325 672 contra
337 656 457 678 impedientes
469 659 487 672 et
497 656 643 672 contradicentes
653 656 789 672 ordinacionem
800 656 928 678 supradictam,
939 659 1029 678 uunquam
1039 659 1102 672 contra

177 688 263 710 perjuros,
271 693 306 704 non
317 688 360 704 moti
370 694 430 704 amore
440 688 469 704 vel
480 688 529 709 odio,
541 694 595 710 prece
605 688 634 705 vol
642 688 711 710 precio,
723 688 792 710 pudore
802 688 830 704 vel
841 688 918 705 utilitate
928 688 1005 710 alicujus
1016 693 1101 710 persone,

178 720 208 736 sed
217 726 249 742 pro
258 726 305 736 mera
315 720 395 740 veritate,
406 726 426 736 ac
437 720 492 736 eciam
504 726 536 742 pro
549 720 598 736 bono
608 720 700 736 communi
713 720 772 737 tocius
785 720 867 736 nacionis
877 720 973 736 antedicte⁴
987 720 1010 736 Et
1022 723 1041 737 ut
1053 720 1102 736 istud

178 752 245 768 roboris
255 752 333 768 obtineat
345 752 454 773 firmitatem,
467 758 502 768 nos
516 758 579 768 omnes
591 755 607 768 et
618 752 687 774 singuli
700 752 781 775 magistri
794 752 875 774 predicte
887 752 976 772 nacionis,
989 752 1008 768 in
1018 752 1102 768 facultate

177 785 272 807 predictare
281 788 351 807 gentes,
359 785 381 801 ad
391 785 425 801 boc
435 785 539 807 specialiter
548 785 613 805 vocati,
622 785 698 806 prestita
708 785 743 801 fide
754 785 851 806 corporali,
860 790 897 801 non
907 784 971 805 coacti,
978 784 1026 801 votis
1036 788 1054 801 et
1061 785 1102 807 jura

177 817 238 833 mentis
245 820 325 833 nostrum
336 817 416 833 omnium
426 817 561 837 confirmamus,
570 820 690 839 apponentes,
699 823 722 833 ex
731 822 808 833 assensu
819 816 906 836 oninium,
915 817 995 839 sigillum
1006 822 1102 833 commune

176 849 253 866 nacionis
263 855 305 871 sepe
315 849 368 866 dicte.
379 850 443 865 Datum
453 855 501 865 anno
512 848 584 865 Domini
595 848 693 865 millesimo
703 849 757 866 CCC⁰
764 854 820 869 nono,
831 848 861 865 die
867 848 917 870 jovis
927 851 969 870 post
978 849 1044 865 festum
1054 848 1101 865 beati

176 881 253 898 Barnahe
267 881 350 903 apostoli,
365 884 469 898 renovatum
486 887 534 897 anno
548 880 622 897 Domini
635 881 734 897 millesimo
745 881 825 901 CCCss„
840 880 869 897 die
884 880 970 897 mercurii
983 884 1024 897 ante
1036 881 1101 897 festum

176 912 264 930 beatorum
274 913 351 930 Simonis
361 916 379 929 et
388 913 440 930 Jude,

219 961 249 973 nod.
256 962 315 975 numan,
322 961 344 972 soi.
352 961 387 973 140»,
395 967 412 970 -
418 960 487 974 harduin.
494 962 509 972 n·
516 961 543 972 ³⁸12.

217 1002 227 1013 1.
235 1002 258 1014 Μι,
266 1006 269 1014 ;
277 1006 283 1014 ιι
291 1001 366 1013 conficiatur
373 1005 384 1014 ν.

173 1073 225 1091 678,
237 1077 298 1090 ctemm
304 1076 393 1090 νσμῐιιιιηω
401 1076 452 1089 abban*
457 1077 471 1089 s⁴
481 1076 541 1089 Victoris
549 1076 586 1089 {uma
594 1075 724 1092 detunctiRoherti
729 1075 747 1088 ae
754 1075 829 1093 handum,
836 1075 921 1088 canoniam
926 1075 998 1089 scholaris
1004 1076 1098 1094 parafamu,

214 1100 305 1114 custodienda
312 1100 389 1113 committit*

778 1123 817 1138 1309,
824 1123 856 1136 dum
861 1124 885 1139 30,
892 1123 956 1137 Amatam

214 1164 297 1181 Clemens
344 1164 410 1180 dilecto
418 1164 456 1180 filio
466 1177 477 1180 ..
487 1164 547 1180 abbati
558 1164 618 1181 Sancti
628 1164 709 1181 Victoris
716 1164 767 1186 juxta
775 1164 862 1185 Parisins,
870 1164 946 1181 salutern
957 1167 975 1180 et
981 1164 1098 1186 apostolicam

174 1195 320 1212 benedictionem.
334 1196 407 1212 Dudum
417 1196 515 1218 siquidem,
525 1199 557 1213 etc.
575 1196 658 1213 Summus
665 1196 752 1218 pontifex
763 1196 822 1213 verbis
831 1196 921 1213 similibus
933 1199 952 1213 ut
961 1201 1017 1218 supra
1027 1196 1050 1212 n*¹
1059 1196 1098 1216 665,

173 1228 209 1247 669,
217 1231 287 1244 enarrat
295 1228 408 1250 quaefecerit
418 1228 478 1245 Adam
487 1228 509 1245 de
519 1228 602 1250 Villanis,
613 1232 674 1246 rector
686 1229 822 1250 Universitatis,
832 1231 850 1245 et
858 1228 902 1251 quid
909 1229 946 1250 ipse
951 1234 1000 1250 papa
1009 1228 1058 1245 circa
1067 1228 1099 1245 hoc

172 1259 257 1282 negotium
266 1260 329 1282 egerit*
340 1260 407 1277 Deinde
413 1267 419 1277 1

213 1291 287 1307 Demum
305 1292 395 1314 siquidem
412 1293 484 1310 dilectis
504 1293 547 1310 filiis
564 1294 665 1317 Reginaldo
683 1294 706 1310 de
720 1294 807 1311 Bisuncio
824 1297 842 1310 et
858 1294 949 1316 quondam
964 1293 1061 1310 Vincentio
1075 1293 1098 1310 de
