1273 1538
185 57 228 76 1331]
375 63 397 73 ,in
415 62 468 73 auxo
485 62 602 73 mcccxxxv:
621 61 686 76 stur:
701 63 725 73 an
742 63 812 74 annun
828 63 900 74 mcccc.
1069 57 1101 74 371

185 99 272 119 medicine,
285 102 301 115 et
312 102 373 115 contra
385 98 483 120 magistros
493 97 592 115 Johannem
608 97 658 120 Pipa,
672 97 781 120 Stephanum
794 98 817 114 de
831 97 947 115 Calvomonte
960 101 978 115 et
993 98 1102 120 Stephanum

184 132 203 149 de
215 132 299 154 Nogento,
312 131 408 153 magistros
417 130 436 146 in
447 130 536 147 medicina
550 134 567 147 et
582 136 644 147 eorum
655 130 754 152 quemlibet
765 130 782 146 in
792 130 871 147 solidum
882 133 916 146 tam
926 130 1036 153 conjunctim
1049 136 1100 153 quam

184 164 248 181 divisim
264 164 366 186 petitionem
383 169 416 180 sen
432 163 519 179 articulos
537 162 669 185 infrascriptos,
685 163 815 185 protestatione
828 162 956 179 nichilominus
971 163 1063 185 prehabito
1079 169 1101 179 ex

183 200 227 220 parte
235 196 364 219 procurationis
374 196 443 212 domini
456 195 533 218 predicti
543 195 646 212 cancellarii
656 196 696 218 ejus
706 195 756 212 curie
768 198 786 212 et
799 201 831 218 pro
845 195 898 218 ipsis,
911 195 960 217 quod
973 195 1022 216 stilo,
1033 195 1073 211 usui
1083 198 1101 212 et

182 228 300 245 consuetudini
312 228 361 244 curie
374 227 461 250 predicte,
473 227 540 249 quibus
550 230 623 244 cavetur
635 227 685 250 quod
699 227 795 244 summarie
806 230 824 243 et
837 227 858 243 de
872 227 925 249 plano
940 227 979 244 sine
994 226 1069 249 strepitu
1084 230 1101 243 et

183 261 233 284 figura
239 261 301 283 judicii
311 264 329 277 et
338 260 406 283 absque
417 260 453 277 ulla
463 260 577 277 solemnitate
588 260 718 283 scripturarum
730 260 834 283 proceditur
844 263 862 277 et
872 260 946 283 procedi
956 260 1011 277 debet
1018 260 1036 276 in
1044 260 1100 280 curia,

182 294 216 316 ipsa
225 299 259 310 non
268 293 344 310 intendit
353 293 371 309 in
384 293 445 315 aliquo
459 293 548 315 derogare
561 296 579 309 et
592 293 640 315 quod
654 293 802 316 protestationem
817 293 855 309 vult
869 293 887 309 in
901 292 1055 316 subsequentibus
1068 298 1100 315 pro

182 326 249 349 repetita
261 325 322 342 haberi
336 329 354 342 et
367 331 419 348 quum
434 326 456 342 de
471 329 534 342 nostro
547 325 606 342 officio
620 325 727 343 admisimus
741 329 824 348 tanquam
840 325 920 348 legitime
934 326 956 342 de
972 332 1013 346 usu,
1027 325 1069 343 stilo
1084 329 1101 342 et

181 359 303 376 consuetudine
312 358 398 381 predictis
409 362 492 381 tanquam
504 358 575 375 notorie
586 358 669 381 primitus
680 358 781 379 informate,
792 358 835 375 licet
848 358 925 375 velimus
938 365 960 375 ex
971 359 1028 381 gratia
1041 362 1059 375 et
1069 364 1101 381 per

182 392 246 408 modum
261 391 352 411 memorie,
367 391 416 414 quod
430 391 545 414 infrascripta
558 392 640 412 crimina,
655 397 742 408 excessus
756 395 774 408 et
788 391 853 408 delicta
867 391 920 408 nobis
934 391 1040 408 denunciata
1055 392 1100 414 ipsis

183 425 267 441 tradantur
275 424 342 447 absque
353 424 389 441 ullo
400 424 502 447 prejudicio
512 424 531 440 in
542 424 621 447 scriptis.

222 457 278 474 Primo
289 457 337 480 quod
350 457 390 480 ipse
403 457 488 474 dominus
501 457 619 474 cancellarius
635 463 658 474 ex
674 457 777 480 privilegio„
789 463 826 479 quo
839 457 877 480 ipse
890 460 908 474 et
919 457 947 474 sui
960 457 1100 480 predecessores

183 490 282 507 Pnrisiensis
291 490 367 507 ecclesie
375 490 479 507 cancellarii
489 490 518 507 usi
529 494 577 511 suntv
592 494 609 507 et
618 490 673 507 habet
683 490 731 507 idem
746 490 864 507 cancellarius
879 495 934 513 super
947 490 1027 507 licentiis
1039 491 1100 507 conse-

183 523 244 543 rendis,
252 523 299 545 quod
306 523 406 540 secundum
414 529 465 540 suam
474 523 604 540 conscientian:
615 523 662 540 bona
673 523 709 540 fide
719 523 827 540 examinabit
838 523 942 545 nmgistros'
953 526 971 540 et
981 523 1101 540 licentiandos

182 556 198 572 in
206 555 283 573 facultate
298 555 377 578 qualibet
391 556 448 573 studii
463 556 590 573 Universitntis
600 556 709 573 Parisiensis
726 559 743 573 et
756 556 860 578 specialiter
873 556 891 572 in
907 556 989 573 iacultate
1003 556 1067 572 artium
1083 559 1100 573 et

182 588 269 609 medicine,
279 592 296 605 et
305 588 400 605 admittens
411 589 485 611 dignos=
496 588 573 611 repellet
583 589 676 612 indignos,
687 589 772 611 quodque
785 589 803 605 in
817 588 896 605 licentiis
907 589 1023 606 conserendis
1034 588 1100 605 habent
1120 592 1122 596 ’

182 624 278 644 potestatem
291 621 407 644 dispensandi
428 624 462 638 tam
474 621 493 638 in
507 624 588 643 tempore
599 627 651 644 quam
666 621 685 638 in
699 621 739 638 aliis
753 621 884 644 dependenciis
897 627 918 638 ex
931 621 965 638 hoc
979 621 1099 638 consideratis

181 654 251 676 singulis
261 654 408 675 circumstanciis,
419 657 474 677 prout
484 654 519 671 sibi
530 654 621 671 videbitur
630 657 648 671 et
658 654 729 671 videtur
740 654 831 677 expedire*
1108 642 1112 664 l

219 687 282 703 Omnes
292 687 343 703 etiam
354 686 435 709 magistri
446 690 464 703 et
473 686 543 709 singuli
553 686 600 703 dicte
611 687 738 704 Universitatis
746 687 787 703 dum
796 686 912 704 licentiantur
919 687 937 703 in
945 693 977 703 sua
985 687 1099 709 promotione

178 720 232 742 jurant
241 722 258 736 et
267 719 352 736 hactenus
358 720 421 742 jurare
431 722 568 736 consueverunt
578 719 626 742 quod
637 720 655 736 in
666 719 717 736 nullo
727 725 747 736 se
757 719 879 742 obligaverint
888 719 916 736 vel
927 719 1041 742 obligabunt,
1049 719 1098 742 quod

180 752 200 768 sit
208 755 265 769 contra
275 752 316 768 dicti
331 752 399 768 domini
409 751 513 768 cancellarii
524 755 630 775 potestatem
640 752 669 769 vel
680 752 729 775 quod
739 752 757 768 in
765 752 813 775 juris
823 752 929 769 cancellarie
938 758 970 769 sue
978 752 1099 775 prejudicium

179 785 236 802 cedere
243 785 365 808 dignoscatur3
375 785 460 808 quodque
468 785 524 802 nichil
533 785 664 808 attemptabunt
671 791 707 808 quo
716 785 806 802 mediante
813 785 870 802 libera
878 788 958 808 potestas
966 789 984 802 et
992 785 1098 802 examinatio

180 818 252 841 ejusdem
267 818 402 840 quomodolibet
416 818 534 834 imminuatur
547 818 575 834 vel
590 818 643 834 etiam
657 818 785 840 restringatur;
802 818 887 840 quodque
899 824 909 834 a
922 817 1028 834 bachalariis
1043 818 1099 834 licen-
1116 825 1120 840 :¹

179 850 237 867 tiandis
246 850 346 867 nullatenus
357 850 430 873 exigent
441 850 566 873 probationem
577 850 606 867 vel
616 850 762 867 informationem
777 850 855 872 aliquam
869 850 891 867 de
907 853 987 873 tempore
1001 850 1099 867 auditionis
1116 844 1118 853 '¹

179 884 280 900 eormndem.
297 884 359 901 Jurant
376 883 452 906 insuper
471 886 490 900 et
503 883 566 906 jurare
585 886 721 900 consueverunt
740 883 788 905 quod
809 883 972 906 quotienscumque
989 886 1007 900 et
1018 883 1099 906 quando-
1114 886 1116 899 ,¹

178 922 246 939 rumque
256 916 311 933 vocati
319 922 351 939 per
359 916 453 933 dominum
463 916 599 937 cancellarium⁷
608 916 639 938 qui
647 922 680 939 pro
689 919 770 938 tempore
780 916 840 936 fuerit,
852 916 925 932 venient
934 916 956 933 ad
964 916 1099 939 perhibendum

178 949 224 966 fidele
233 949 353 966 testimonium
363 949 386 965 de
396 949 502 965 baccalariis
512 948 634 969 licentiandis,
646 949 798 971 quandocumque
806 948 881 965 eosdem
887 948 965 965 voluerit
973 949 1067 966 admittere
1077 949 1099 966 ad

178 988 249 1003 examen,
260 982 297 999 sive
307 982 330 999 sit
340 982 358 998 in
368 987 416 999 anno
426 988 480 1004 quein
492 982 535 998 dicti
549 982 614 998 medici
630 985 694 998 vocant
703 987 767 999 anuum
777 981 879 1004 juln'leum'=
890 981 929 998 sive
939 988 1054 1004 quocumque
1064 981 1099 998 alio

177 1021 219 1031 anno
228 1018 244 1031 et
253 1018 331 1037 tempore
341 1015 454 1035 indistincte,
465 1018 519 1037 prout
529 1020 562 1037 per
572 1014 715 1037 predecessores
726 1014 768 1031 dieti
779 1014 848 1031 domini
859 1014 960 1031 cancellarii
973 1018 991 1031 et
1003 1015 1099 1037 ipsummet

177 1047 254 1065 hactenus
264 1048 320 1064 extitit
329 1047 445 1064 observatum
456 1050 474 1064 et
483 1048 537 1064 etiam
547 1050 661 1064 consuetum.
673 1048 695 1064 Et
705 1047 835 1064 nichilominus
846 1052 878 1070 per
888 1052 950 1064 eorum
965 1048 1039 1070 prestita
1049 1048 1099 1070 jura>

177 1083 228 1097 menta
237 1080 300 1097 habent
310 1080 407 1098 observare
422 1086 484 1103 pacem
504 1083 521 1097 et
540 1080 688 1103 tranquillitatem
706 1080 762 1097 studii
776 1083 794 1097 et
809 1080 936 1097 Universitatis
950 1080 1066 1100 Parisiensis.
1082 1083 1099 1097 et

176 1114 217 1136 quod
227 1114 332 1130 contrarium
343 1113 448 1130 nullatenus
458 1113 589 1136 procurabunt,
600 1117 617 1130 et
627 1113 688 1130 omnia
698 1113 716 1130 in
728 1113 836 1136 privilegiis,
844 1113 989 1130 ordinationibus
1000 1117 1017 1130 et
1027 1113 1098 1130 statutis

175 1151 224 1169 super
232 1147 342 1163 ordinatione
353 1146 408 1163 studii
419 1146 529 1164 Parisiensis
540 1152 549 1163 a
559 1150 608 1163 retro
618 1146 704 1163 Romanis
715 1146 832 1169 pontificibus
841 1150 858 1163 et
868 1146 912 1163 sede
922 1146 1020 1169 apostolica
1031 1146 1098 1163 dudum

175 1185 259 1200 concessa,
270 1183 352 1196 contenta
361 1183 379 1196 et
389 1183 467 1200 narrata⁷
479 1185 499 1196 se
510 1180 591 1203 legitime
602 1183 619 1196 et
629 1180 651 1196 ad
670 1186 749 1202 unguem
764 1179 862 1196 observare
874 1180 924 1202 juxta
937 1180 1043 1197 eorumdem
1055 1186 1099 1203 con—

175 1212 258 1229 tinentiam
268 1216 285 1229 et
294 1216 382 1229 tenorem.
393 1212 484 1235 Quodque
495 1213 534 1230 suis
545 1213 654 1235 juramentis
665 1219 685 1230 se
695 1213 799 1236 astringunt
810 1213 860 1234 dum,
871 1216 889 1229 ut
899 1213 1015 1236 premittitur,
1026 1219 1099 1236 promo-

174 1248 237 1266 ventur⁷
247 1245 294 1268 quod
303 1251 343 1262 cum
354 1246 434 1268 expediti
444 1246 512 1263 fuerint
525 1246 547 1263 ab
557 1246 639 1263 examine
650 1250 692 1269 post
702 1246 798 1263 lectionem
809 1252 929 1267 communem,
940 1246 956 1263 si
963 1246 1057 1269 contingat
1067 1252 1109 1268 eos,

174 1277 198 1295 vel
208 1284 266 1295 eorum
276 1278 351 1301 aliquem
363 1279 385 1296 ad
395 1279 521 1303 magisterium
532 1279 583 1297 illius
593 1280 683 1297 facultatis
694 1279 770 1303 provehi
780 1280 808 1297 vel
819 1279 907 1303 incipere,
917 1283 958 1303 post
969 1280 1057 1297 lectiones
1070 1281 1098 1298 vel

174 1310 295 1333 disputationes
309 1317 341 1334 per
356 1312 403 1329 duos
417 1318 475 1330 annos
489 1313 594 1334 continuos,
610 1313 639 1330 vel
654 1313 676 1330 ad
691 1313 750 1330 minus
764 1320 773 1330 a
787 1314 834 1330 sesto
850 1313 898 1330 beati
909 1314 996 1337 Remigii*
1008 1320 1065 1337 usque
1075 1315 1098 1332 ad
