1273 1538
187 56 229 75 1331]
376 62 398 73 n
415 62 467 73 auno
485 62 601 73 uccnxxxvn
618 62 683 76 usque
701 62 725 73 ,ιι-ι
739 63 809 74 annuit
826 62 896 74 necet„
1068 57 1102 74 375

185 99 202 115 in
211 98 357 121 subsequentibus
368 104 427 115 coram
440 97 493 114 vobis
506 104 541 120 qne
553 98 591 114 litis
606 98 756 115 contestationem
770 104 834 120 sapere
847 98 948 119 videantur,
959 98 1008 121 quod
1023 104 1059 115 non
1073 101 1100 115 est

185 131 281 148 intentionis
293 137 332 148 mee
345 131 393 148 litem
403 131 501 147 contestari
512 131 547 147 nisi
562 130 596 147 hoc
609 134 694 153 appareat
704 131 805 151 manifeste,
816 136 861 153 quas
871 130 1002 153 appellationes
1012 134 1030 147 et
1039 137 1100 148 earum

186 164 274 187 quamlibet
282 163 322 180 volo
332 169 366 186 ego
376 163 468 185 predictus
479 166 586 185 procurator
596 164 669 180 nomine
682 163 807 185 procuratorio
818 163 899 185 ipsorum
915 163 1029 180 dominorum
1044 164 1101 186 magi-

185 200 254 214 strorum
264 202 343 213 meorum
353 202 384 219 pro
398 195 481 219 repetitis
493 195 555 213 haberi
571 196 589 213 in
604 196 685 219 qnalibet
698 199 748 219 parte
762 196 887 213 dicendorum,
902 196 973 218 Quibus
985 196 1101 219 protestatio-

185 230 233 246 nibus
241 229 266 246 sic
275 229 368 252 premissis
381 235 417 245 non
427 228 531 246 recedendo
541 229 563 245 ab
573 228 726 252 appellationibus
736 232 798 246 contra
809 229 909 251 predictum
920 229 1046 246 cancellarium
1057 229 1101 246 alias

185 263 249 279 nomine
257 263 343 279 facultatis
354 262 442 279 medicine
453 262 562 279 Parisiensis
573 262 686 285 interpositis
731 262 772 279 dico
782 266 800 279 et
810 268 892 285 propono
902 263 975 280 nomine
986 263 1067 285 predicto

185 301 219 312 cum
235 301 271 316 vos,
290 296 374 318 magister
392 295 444 311 Petre
459 295 538 314 Andree.
555 295 586 317 qui
605 301 638 318 pro
657 295 728 312 officiali
745 298 763 312 et
779 295 904 312 commissario
921 295 964 312 dicti
981 295 1063 318 magistri
1077 296 1100 312 de

184 328 258 345 Narbona
272 328 371 345 cancellarii
386 328 463 345 ecclesie
479 328 533 345 Beate
549 328 605 345 Marie
620 328 729 345 Parisiensis
743 334 776 345 vos
790 328 862 351 geritis,
875 334 918 345 vere
931 332 949 345 et
960 334 997 345 non
1010 329 1100 345 immerito

184 361 252 378 habeant
267 364 284 377 et
300 361 399 384 predictum
415 360 543 377 cancellarium
561 361 596 377 sibi
614 364 717 384 suspectos,
734 361 811 384 predicti
828 361 896 377 domini
914 361 948 378 mei
965 365 983 378 et
997 362 1050 378 etiam
1065 368 1099 385 ego

184 394 248 411 nomine
258 394 335 416 predicto
345 393 456 410 audienciam
467 397 546 410 vestram
556 397 574 410 et
583 394 626 410 dicti
637 394 740 410 cancellarii
750 397 768 410 et
777 394 887 410 auditorium
897 397 977 411 vestrum
1016 398 1100 412 recusant

184 429 199 443 et
207 426 296 447 declinant,
309 429 326 443 et
338 427 390 443 etiam
405 426 499 449 predictus
510 427 570 443 Guido
584 430 691 449 procurator
704 426 785 450 ipsorum
799 426 871 443 nomine
884 427 1008 449 procuratorio
1019 427 1099 450 ipsorum

184 463 199 476 et
207 465 236 482 pro
248 459 292 482 ipsis
303 459 448 482 jurisdictionem
461 463 539 476 vestram
555 463 572 476 et
588 459 698 476 audientiam
716 463 794 476 vestram
809 462 827 476 et
840 460 892 476 etiam
907 460 949 476 dicti
964 460 1073 480 cancellarii=
1083 460 1099 477 si

184 498 228 515 quam
241 491 312 512 hahetis,
326 498 390 509 recuso
403 495 421 509 et
433 492 512 509 declino.
524 492 584 509 Primo
597 498 619 509 ex
628 498 650 509 eo
661 495 679 509 et
691 498 723 514 pro
734 498 763 513 eo,
774 492 815 515 quia
828 492 918 509 notorium
929 495 958 509 est
967 495 1020 515 atque
1030 496 1097 509 certum

183 525 224 547 quod
240 524 308 541 nomine
325 524 413 541 facultatis
430 524 520 541 medicine
537 525 647 542 Parisiensis
664 524 723 541 extitit
738 528 801 542 contra
818 524 884 542 dictum
902 524 1029 541 cancellarium
1045 531 1100 548 super

183 560 263 577 contentis
274 559 290 576 in
304 560 356 577 dictis
367 559 449 576 articulis
462 560 561 583 propositis
573 566 606 583 per
618 565 651 576 vos
664 563 726 576 contra
738 560 832 582 predictos
845 560 929 577 dominos
944 566 994 577 meos
1007 563 1024 576 et
1036 566 1098 577 eorum

183 592 271 615 quemlibet
277 592 357 615 legitime
366 592 482 615 appellatum,
493 596 511 610 et
522 593 571 615 quod
579 592 626 609 dicta
634 592 732 615 appellatio
742 592 801 609 adhuc
812 593 885 616 pendet,
897 596 914 609 et
924 593 973 615 quod
984 592 1052 609 domini
1064 593 1098 610 mei

182 625 249 648 predicti
264 628 281 641 et
296 625 372 648 quilibet
385 631 448 642 eorum
463 625 511 642 dicte
526 625 654 648 appellationis
671 625 743 642 nomine
761 625 808 642 dicte
822 625 912 642 facultatis
928 625 1029 647 interjecte„
1047 626 1098 648 eujus

183 658 248 680 predicti
258 658 323 674 domini
334 658 368 674 mei
379 661 421 674 sunt
431 661 449 674 et
458 661 501 674 tunc
511 661 562 674 erant
572 658 652 675 membra
663 658 783 679 honorabilia=
797 658 906 675 adheserunt
921 658 1002 681 legitime
1014 661 1032 675 et
1044 658 1099 675 adhe-

182 694 221 707 rent.
231 691 302 713 Propter
311 691 359 713 quod
369 690 447 713 quilibet
456 691 537 713 ipsorum
548 696 581 713 pro
591 696 635 707 vero
645 691 747 713 appellante
757 694 819 708 contra
830 691 897 708 dictum
908 691 1035 707 cancellarium
1046 697 1100 713 repu-

182 727 222 740 tatur
233 726 249 740 et
260 729 313 740 verus
327 723 419 746 appellans
435 723 453 740 in
468 724 532 740 effectu
547 723 630 740 habetur.
646 724 722 746 Propter
737 730 789 746 quam
804 724 943 746 appellationem
957 727 976 740 et
989 723 1099 740 adhesiones

182 756 261 779 predictas
277 756 335 773 dictus
351 756 470 773 cancellarius
488 756 563 773 multum
580 756 614 773 fuit
630 756 720 777 turbatus,
737 756 793 773 iratus
809 760 827 774 et
842 760 950 778 commotus,
963 760 982 774 et
996 756 1054 773 adhuc
1071 760 1099 774 est

182 793 235 806 contra
247 789 336 811 predictos
349 789 433 806 dominos
447 795 498 806 meos
511 789 551 806 sine
563 795 623 805 causa.
639 790 660 806 Et
670 789 711 805 ideo
722 789 798 806 multum
809 789 892 806 dubitant
900 789 977 812 predicti
990 789 1071 812 magistri
1082 792 1100 806 et

182 822 250 845 quilibet
262 828 322 839 eorum
338 825 356 838 et
369 822 433 838 merito
448 821 530 839 dubitare
546 821 619 842 debent,
635 825 653 838 et
666 822 718 838 etiam
734 828 769 844 ego
785 822 857 838 nomine
872 822 960 844 predicto,
975 822 1023 844 quod
1040 822 1099 839 dictus

181 854 288 872 cancellarius
301 858 408 877 provocatus
423 860 444 871 ex
459 855 554 877 premissis
566 855 613 877 ipsis
628 854 695 871 obesse
707 855 751 872 velit
762 858 780 871 et
792 855 895 877 specialiter
908 855 926 871 in
939 861 999 875 causa,
1013 861 1053 872 cum
1066 861 1099 878 per

181 893 209 905 vos
223 891 239 904 et
253 893 284 910 per
300 890 433 909 procuratorem
451 893 504 904 suum
522 887 586 904 nititur
602 890 620 904 et
637 887 714 904 intendit
730 893 785 910 agere
802 891 819 904 et
836 893 909 904 movere
927 891 989 904 contra
1007 888 1098 910 predictos

181 920 255 937 dominos
264 926 312 937 meos
358 921 401 937 Item
412 925 434 936 ex
444 926 466 937 eo
476 923 494 937 et
504 925 537 943 pro
547 925 569 936 eo
579 925 613 936 vos
623 923 641 937 et
651 920 718 937 dictum
729 920 855 937 cancellarium
866 920 933 937 habent
943 920 1020 943 predicti
1030 920 1099 937 domini

181 953 211 970 inei
220 957 251 970 tam
261 953 368 975 conjunctim
378 958 431 975 quam
445 952 517 969 divisim
528 956 625 975 suspectos
636 955 653 969 et
663 953 735 973 merito,
746 956 764 969 et
773 953 826 969 etiam
837 958 871 975 ego
882 953 955 969 nomine
966 959 1029 970 eorum
1040 953 1098 969 omnia

181 989 195 1003 et
205 986 270 1009 singula
279 989 361 1003 contenta
372 986 390 1002 in
400 985 482 1002 articulis
491 985 556 1002 vestris
567 985 655 1008 predictis
665 987 712 1008 [que]
722 989 800 1008 tangunt
809 989 827 1002 et
836 986 930 1002 continent
937 986 976 1008 jus⁷
984 986 1072 1003 honorem
1082 989 1100 1003 et

180 1018 270 1036 libertatem
280 1019 321 1035 dicti
331 1018 433 1035 cancellarii
444 1021 498 1041 prout
508 1024 541 1035 vos
550 1018 633 1035 asseritis
642 1018 660 1035 in
669 1018 714 1041 ipsis
723 1018 811 1039 articulis,
820 1019 872 1041 cujus
883 1019 985 1036 cancellarii
996 1019 1057 1036 dicitis
1067 1025 1099 1036 vos

180 1043 215 1068 esse
227 1051 315 1069 officialem
326 1055 344 1068 et
353 1051 505 1071 commissarium,
515 1055 590 1074 propter
603 1051 652 1074 quod
659 1052 710 1074 juste
721 1051 805 1068 dubitant
814 1055 832 1068 et
841 1057 875 1074 ego
887 1052 939 1069 etiam
950 1052 1024 1069 nomine
1036 1058 1098 1069 eorum

180 1084 235 1101 dubito
246 1084 267 1101 de
277 1085 319 1101 recti
330 1084 394 1107 judicii
407 1084 422 1101 si
435 1084 485 1107 quod
495 1084 566 1101 habetis
579 1084 692 1106 provisione„
703 1084 779 1101 maxime
792 1090 832 1101 cum
847 1084 909 1101 nullus
923 1084 988 1102 debeat
997 1091 1030 1108 pro
1041 1091 1060 1102 se
1070 1085 1099 1102 vel

179 1123 207 1140 per
217 1117 266 1134 alium
280 1117 298 1133 in
312 1123 365 1134 causa
377 1123 408 1134 sua
419 1117 509 1140 judicare.
525 1117 585 1139 Quare
599 1117 676 1140 predicti
692 1117 761 1134 domini
774 1117 810 1134 mei
824 1121 842 1134 et
854 1123 916 1134 eornm
929 1118 1007 1140 quilibet
1015 1123 1049 1135 vos
1058 1123 1100 1140 pre—

179 1150 238 1167 dictum
250 1150 353 1173 magistrum
364 1151 436 1167 Petrum
447 1150 528 1171 Δηὼ-αθ,
538 1154 633 1173 gerentem
643 1156 677 1167 vos
687 1156 720 1173 pro
730 1150 802 1167 officiali
813 1154 831 1167 et
840 1151 965 1168 commissario
976 1151 1019 1167 dicti
1029 1150 1100 1167 cancel—

179 1182 218 1204 larii,
227 1186 244 1199 et
255 1183 312 1205 ipsum
322 1183 448 1200 cancellarium
460 1187 495 1200 tam
505 1183 617 1206 conjunctim
628 1189 681 1206 quam
695 1183 768 1201 divisim
778 1189 811 1200 vos
822 1187 840 1201 et
849 1184 949 1207 predictum
961 1184 1099 1201 cancellarinm⁸

178 1219 193 1232 et
202 1216 341 1238 jurisdictionem
354 1219 430 1233 vestram
447 1222 479 1233 seu
492 1216 600 1233 audientiam
615 1220 700 1238 vestram¹
714 1216 730 1234 si
743 1222 796 1239 quam
810 1217 880 1234 habetis
893 1223 949 1239 super
958 1217 1054 1240 premissis
1067 1222 1099 1234 seu

178 1248 218 1269 aliis,
229 1254 290 1265 recuso
305 1252 323 1265 et
335 1249 407 1272 penitus
417 1249 490 1266 declino
500 1253 575 1272 propter
585 1255 649 1267 causas
660 1249 751 1273 predictas
762 1250 815 1267 etiam
826 1250 906 1267 notorias
916 1253 969 1272 atque
983 1255 1041 1271 veras,
1055 1255 1099 1273 quas

177 1287 195 1298 ex
209 1281 313 1299 habundanti
330 1285 348 1299 et
365 1282 387 1299 ad
403 1283 491 1299 cautelam
509 1283 565 1300 offero
584 1289 612 1300 me
628 1283 702 1300 nomine
717 1289 754 1306 quo
768 1289 823 1306 supra
836 1283 961 1306 probaturum,
975 1287 1029 1306 prout
1046 1284 1100 1301 fuerit

177 1314 249 1334 rationis,
260 1320 317 1331 coram
328 1315 427 1332 venerabili
439 1316 479 1333 viro
490 1319 508 1333 et
517 1316 597 1333 discreto
610 1316 684 1333 domino
699 1329 710 1333 l.
723 1316 795 1333 officiali
808 1317 913 1338 Parisiensi„
924 1317 987 1340 jndice
999 1317 1098 1335 ordinariou
