1273 1538
185 77 228 95 1316]
374 84 396 94 Αιι
413 83 465 94 ,turo
483 83 599 94 neeilxxxvi
617 83 683 97 usqne
700 83 724 93 ,tn
741 83 810 93 ,maun
827 83 897 94 menei„
1070 77 1101 94 185

184 119 289 136 scientiarum
304 119 381 135 omnium
397 118 476 135 notitiam
492 118 585 135 obtinebat
599 122 617 135 et
631 118 736 140 penetrabat
752 118 828 134 archana
844 118 947 134 intellectus
964 118 1100 140 perspicacitate

183 151 275 171 celestium,
290 151 315 167 sic
329 151 407 167 cecitatis
421 154 438 167 ct
451 151 553 173 ignorantie
568 150 652 167 tenebras
667 150 765 173 pertulisse
776 153 794 166 ut
806 150 921 167 scientiarum
934 150 980 166 dona
993 151 1052 167 forent
1065 150 1099 167 sibi

183 183 229 199 duris
238 183 320 199 conclusa
328 183 426 205 signaculis
437 183 554 205 prepediente
565 183 612 199 mole
622 186 695 199 terrene
705 182 799 205 caliginis;
810 186 828 199 et
837 182 901 199 nolens
914 182 963 204 quod
975 185 1055 199 creatura
1065 186 1099 199 tam

183 215 250 236 nobilis,
258 221 308 237 quam
317 215 365 232 velut
373 215 487 232 similitudini
497 221 530 231 sue
540 215 651 231 conformem
660 215 750 231 minuerat
760 214 813 237 paulo
821 215 881 231 minus
889 214 910 230 ab
918 214 989 236 angelis
999 214 1100 236 ignorantie

184 248 253 265 ruditate
269 248 362 265 vilesceret
374 247 444 264 :voluit
462 247 553 264 hominem
570 248 687 264 scientiarum
705 248 793 264 doctrinis
810 251 828 264 et
844 247 908 264 artimn
926 247 1000 264 erudiri⁴
1019 247 1053 263 Per
1068 246 1101 263 has

183 281 248 303 quidem
265 280 333 297 diversa
350 286 416 303 genera
433 280 536 302 linguarum
554 283 571 296 et
585 280 660 297 dissona
675 280 768 297 latinitatis
785 280 842 302 gratia
859 280 876 296 in
894 279 984 296 sermonis
1001 279 1100 302 prolatione

182 313 290 333 conveniunt,
305 316 321 329 et
335 316 393 335 preter
407 312 471 329 artium
484 312 585 329 liberalium
599 312 689 335 dogmata,
700 318 732 335 per
745 318 779 334 que
791 312 878 335 gradatim
890 312 912 329 ad
925 312 1040 329 scientiarum
1055 312 1101 329 noti-

183 345 219 361 tiam
229 345 335 367 pervenitur,
349 345 400 362 tlatur
409 345 456 366 juris
468 345 563 367 utriusque
576 345 657 367 cognitio
671 350 703 367 per
714 350 766 366 quam
779 345 888 361 dirimuntur
900 345 961 367 jurgia
971 348 989 361 et
1002 344 1102 361 redduntur

182 377 291 399 quibuslibet,
300 383 334 399 que
345 380 387 393 sunt
396 383 434 393 sua.
445 377 479 393 Per
489 377 521 393 lias
532 377 584 394 etiam
596 377 618 393 ad
628 383 720 393 sacrarum
728 377 832 393 ascenditur
842 377 954 394 altitudinem
965 377 1101 399 scripturarum.

182 412 197 425 et
206 409 293 425 vivificans
301 415 365 426 sensus
376 415 397 425 ex
407 409 451 431 ipsis
462 409 534 425 elicitur
544 409 598 425 multa
609 409 677 425 ibidem
685 409 795 425 obscuritate
806 409 910 426 conclusus.
921 410 976 426 Tanta
985 410 1044 431 itaque
1056 409 1101 425 dona

182 441 248 458 celestia
262 441 409 463 predecessorum
427 444 528 458 vestrorum
546 441 643 458 recolenda
660 441 755 463 prudentia
772 441 864 458 caritative
880 441 1008 461 considerans,
1023 447 1045 457 ex
1058 442 1102 458 viris

181 474 288 490 scientiarum
300 474 408 490 fecunditate
421 473 533 496 pollentibus
543 474 631 496 privatum
647 473 777 496 publicumque
790 473 857 490 boumn
868 474 964 496 provenire
976 474 1101 496 conspiciens,

181 506 267 522 attendens
275 506 326 522 etiam
334 506 405 523 felicem
413 512 453 522 esse
463 506 600 528 rempublicam,
609 512 644 528 que
652 512 660 522 a
670 506 783 528 sapientibus
794 506 863 528 regitur
870 512 873 522 :
880 506 996 523 scientiarum
1007 506 1102 528 alumpnus

181 538 267 555 beneficiis
277 538 403 555 ecclesiasticis
417 538 562 560 prosequebatur
575 542 593 555 et
606 539 676 560 gratiis,
688 542 706 555 ut
717 542 783 560 quanto
795 538 910 555 laudabiliter
922 539 940 554 in
951 539 1029 560 ipsarum
1043 539 1102 555 scien>

181 570 238 586 tiarum
252 570 322 586 notione
336 570 449 592 proficerent,
462 573 510 587 tanto
525 576 544 587 se
556 570 630 587 uberius
643 570 773 587 ecclesiasticis
786 570 894 587 muneribus
904 570 996 592 preveniri
1006 570 1101 587 sentirent«

181 603 198 618 ln
212 605 255 619 tanta
268 608 343 624 namque
357 602 466 624 prelatorum
482 603 578 624 prudentia
592 606 609 619 et
624 603 741 619 exuberantia
757 603 836 620 caritatis
852 609 923 619 necnon
938 606 956 619 ct
967 603 985 619 in
1001 603 1101 625 sapientum

180 634 286 651 multitudine
299 634 375 651 filiorum
387 635 465 651 Romanu
475 635 561 651 nimirum
574 635 663 651 letabatur
676 635 760 655 eeclesia,
771 638 828 651 mater
840 635 920 651 omnium
932 638 949 651 et
959 635 1051 657 magistra,
1061 641 1101 651 cnm

179 666 245 683 illorum
259 667 309 683 docta
323 667 405 683 facundia
419 666 491 683 fidelem
507 667 594 689 populum
610 667 692 684 doctrina
707 667 770 683 salutis
785 667 891 687 instrueret,
907 673 926 684 ac
941 667 1064 684 exorbitantes
1080 667 1101 683 ad

180 698 276 721 evangelice
288 699 366 716 veritatis
380 699 506 716 rectitudinem
521 702 619 715 revocareL
631 700 693 721 Nuper
703 702 762 715 autem
773 699 896 715 insinuatione
909 699 984 721 querula
995 699 1101 716 dilectorum

180 731 250 747 filiorum
265 731 386 748 universitatis
401 731 529 753 magistrorum
544 734 562 747 et
575 731 672 747 scolarium
686 731 704 747 in
717 731 778 747 studio
791 731 889 748 Parisiensi
902 731 1005 753 degentium
1020 731 1102 748 dolenter

179 764 273 786 accepimus
286 763 333 786 quod
349 763 390 780 licet
404 763 492 781 hactenus
501 763 523 780 ad
538 763 627 780 civitatem
643 763 700 786 ipsam
715 763 764 780 velut
777 763 798 780 ad
813 764 928 780 scientiarum
941 767 1000 780 ortum
1013 764 1101 786 irriguum

179 796 265 812 innumera
277 796 376 812 conflueret
389 796 485 812 multitudo
501 796 620 816 studentium,
635 796 729 812 modernis
742 799 801 812 tamen
814 796 933 818 temporibus,
948 802 969 812 ex
983 802 1004 812 eo
1018 796 1102 812 videlicet

179 828 222 850 quod
235 831 291 844 vestra
306 828 389 850 refriguit
403 828 467 844 caritas
483 834 526 850 erga
543 828 602 850 ipsos,
621 831 676 850 prout
692 828 782 844 dictorum
799 828 922 844 universitatis
940 828 1067 850 magistrorum
1085 832 1102 844 et

178 860 266 877 scolarium
280 860 385 882 conquestio
398 860 486 880 continet,
501 860 626 884 niiniumme-st
640 860 671 876 illa
688 860 785 885 scolarium
799 860 895 877 multitudo
911 863 1001 885 contracta
1019 863 1035 876 et
1052 860 1101 876 Pari-

178 893 232 909 siense
245 892 321 911 studium
335 892 466 909 incredibiliter
481 892 615 917 diminutum'L
624 892 673 914 quod
687 892 705 908 in
718 892 762 908 orbe
775 895 862 908 terrarum
872 893 909 914 jain
920 892 978 908 fuerat
992 898 1024 914 pro
1036 898 1099 908 nume-

177 925 243 941 rositate
253 924 361 941 studentium
372 924 479 946 gloriosum.
491 918 528 941 N⁷os
538 930 560 940 ex
570 924 691 940 diminutione
703 924 746 940 dicti
759 924 815 940 studii
827 924 947 940 condolentes
957 927 975 941 et
984 924 1097 941 attendentes

177 957 261 974 sanitatem
272 956 321 973 orbis
333 962 373 973 esse
384 956 517 973 multitudinem
529 956 638 978 sapientunu
650 956 746 979 cupientes
756 956 809 972 etiain
819 956 867 973 inter
876 956 940 972 fideles
951 956 1029 978 populos
1039 956 1098 972 scien-

177 989 233 1005 tiarum
247 989 291 1005 dona
306 995 342 1005 non
357 989 412 1005 minui
427 989 459 1005 sed
472 989 536 1011 augeri
545 995 549 1005 t
559 989 694 1005 universitatem
709 991 786 1005 vestram
801 994 893 1010 rogamus,
906 994 1008 1008 monemus,
1024 992 1041 1005 et
1056 988 1098 1005 hor-

176 1025 228 1038 tamur
243 1022 261 1038 in
277 1021 360 1042 Domino,
378 1021 507 1038 nichilominus
526 1021 578 1038 vobis
596 1027 628 1043 per
645 1021 744 1043 apostolica
764 1021 831 1043 scripta
849 1021 955 1037 mandantes
974 1021 1059 1043 quatinus
1075 1021 1097 1037 ad

176 1057 237 1070 tantum
250 1054 315 1070 bonum
329 1054 416 1076 privatum
430 1057 447 1070 et
460 1054 552 1076 publicum
564 1054 613 1075 juxta
629 1059 690 1070 mores
703 1053 854 1076 predecessorum
869 1056 971 1069 vestrorum
982 1053 1042 1070 debite
1052 1054 1098 1070 eari-

176 1086 212 1103 tatis
221 1086 317 1108 dirigentes
330 1086 420 1106 intuitum,
434 1091 454 1102 ac
465 1092 497 1108 per
507 1086 605 1108 magistros
615 1089 633 1102 et
643 1085 723 1102 scolares
736 1086 811 1102 eosdem
824 1085 919 1108 presertim
930 1085 1012 1108 ydoneos
1022 1089 1039 1102 et
1052 1091 1097 1108 quos

175 1118 249 1140 ipsorum
262 1118 341 1140 probitas
355 1118 417 1140 gratiis
433 1118 493 1134 reddit
508 1119 601 1138 emeritos,
616 1118 639 1134 ob
655 1118 775 1135 reverentiam
792 1118 892 1140 apostolice
907 1118 956 1134 sedis
971 1121 989 1135 et
1003 1122 1064 1135 nostra
1079 1118 1096 1134 in

175 1151 247 1167 caritatis
260 1150 359 1167 visceribus
374 1151 530 1167 recommendatos
544 1151 633 1167 habentes
649 1151 745 1173 providere
760 1151 806 1173 ipsis
821 1151 871 1173 juxta
886 1157 948 1167 eorum
963 1151 1066 1173 qualitatem
1080 1154 1097 1167 et

175 1183 231 1200 inerim
247 1183 268 1199 de
286 1183 379 1199 beneficiis
397 1183 527 1200 ecclesiasticis
544 1183 567 1200 ad
586 1183 694 1200 collationes
713 1187 782 1200 vestras
800 1183 934 1206 spectantibus,
951 1189 990 1200 cum
1008 1189 1028 1200 se
1045 1183 1097 1199 vobis

175 1214 242 1230 saniiltas
252 1214 341 1235 obtulerit,
353 1214 447 1235 studeatis,
460 1218 479 1231 ut
489 1215 519 1237 qui
530 1220 591 1231 amore
603 1215 689 1231 virtutum
702 1221 746 1231 suos
756 1218 864 1237 presserunt
874 1215 949 1237 spiritus
959 1218 977 1231 et
987 1214 1097 1231 substantias

175 1246 297 1268 expenderunt,
311 1247 446 1269 provisionibus
459 1247 526 1264 vestris
540 1247 596 1269 adjuti
609 1247 689 1264 letentur
701 1253 721 1264 se
732 1247 800 1270 premia
810 1248 879 1264 referre
889 1248 912 1264 de
922 1247 998 1268 meritis⁷
1010 1251 1028 1264 et
1037 1253 1098 1263 exem-

175 1278 229 1301 plares
238 1279 273 1295 sint
282 1279 321 1295 aliis
331 1279 352 1296 ad
363 1279 447 1297 imitanda
457 1280 534 1303 vestigia
545 1280 647 1303 probitatis.
659 1281 725 1297 Preces
735 1284 753 1297 et
762 1280 897 1297 exhortationes
907 1287 927 1297 ac
937 1281 1019 1297 mandata
1029 1284 1096 1301 nostra,

175 1316 206 1333 que
220 1317 239 1327 ex
252 1312 304 1328 corde
319 1312 437 1334 porrigimus,
451 1312 477 1329 sic
492 1316 598 1330 reverenter
612 1316 630 1330 et
645 1313 742 1330 efficaciter
755 1313 861 1334 admissuri,
877 1314 926 1335 quod
940 1317 1024 1336 tanquam
1041 1313 1097 1330 devo-

230 1341 244 1349 «νε
253 1340 297 1352 chart.
308 1340 347 1352 vnoa
357 1340 403 1353 Pam⁴
412 1341 428 1355 ιι,
438 1341 448 1353 1.
1020 1342 1035 1354 24
