1273 1538
184 57 226 76 1331}
372 62 395 73 ΑΒ
412 61 464 73 Anno
482 61 598 72 nchxxth
615 61 681 76 usque
698 62 722 73 Λι)
738 62 809 73 nuncu
823 62 894 73 necet.
1064 57 1099 73 381-

182 105 244 117 necnon
257 102 316 115 contra
327 99 448 121 juramentum
456 103 497 120 .per
510 103 542 114 eos
556 103 611 120 super
624 98 752 114 observatione
764 98 902 121 privilegiorum
912 103 932 115 ac
944 99 1098 115 consuetudinum·

182 132 293 157 predictorum
307 131 401 154 prestitum
413 134 481 147 temere
493 131 511 147 in
521 131 620 147 animarum
632 136 705 148 suarum
718 131 814 153 pernitiem
827 131 921 148 venientes
931 131 998 148 dictum
1008 122 1099 153 cancella-{⁵

182 166 222 182 rium
234 165 250 181 in
263 164 323 181 multis
337 163 416 181 articulis
428 164 577 186 jurisdictionum
593 164 715 186 predictarum
728 169 809 185 suarum,
823 170 858 187 que
872 170 903 187 per
917 164 963 181 dicta
974 164 1068 187 privilegia
1078 168 1099 181 et²

182 197 311 215 eonsuetudines
326 197 393 214 diutius
407 197 512 213 observatas
526 197 548 213 ad
563 197 630 214 dictum
645 197 772 213 cancellarium
787 197 879 220 pertinere
893 200 999 217 noscuntur,
1014 197 1096 223 quamvis

181 231 221 248 idem
237 223 351 247 cancella-rius
367 233 385 247 et
401 230 544 252 predecessores
561 230 589 247 sui
606 230 709 247 cancellarii
729 230 812 253 ejusdem
831 230 909 250 ecclesie
926 230 956 253 qui
973 230 1047 247 suerunt
1058 236 1099 253 <prou

181 267 252 286 tempore
266 264 283 280 in
298 264 416 286 possessione
429 263 457 280 vel
472 263 524 286 quasi
539 264 636 281 exercendi
649 264 738 286 premissa
752 264 821 280 suerint
836 264 915 287 graviter
929 264 1050 284 offenderunt.
1061 263 1100 281 sibi'

181 302 229 319 super
244 296 335 319 premissis
351 296 481 313 contumaciter
497 302 533 313 non
551 300 635 319 parentes
651 303 685 314 nee
699 296 802 314 licentiatos
819 303 852 319 per
867 297 927 320 ipsum
941 298 963 314 ad
980 298 1064 320 praticam
1080 300 1097 314 et

181 329 268 346 theoricam
280 329 360 352 ejusdem
370 329 445 346 scientie
455 329 577 350 admittentes„
588 333 606 346 et
616 329 634 346 in
644 329 706 346 multis
716 329 757 347 aliis
767 329 786 346 in
796 330 862 352 quibus
873 330 908 347 sibi
919 336 981 353 parere
992 330 1098 357 perwhujus-¹

181 362 223 379 modi
236 362 327 385 privilegia
340 362 484 379 consuetudines
498 362 606 379 tenebantur
623 362 658 380 sibi
673 369 710 379 non
727 362 795 385 absque
814 363 918 380 incursione
933 366 951 380 et
964 366 1006 380 nota
1023 363 1098 386 perjurii

181 395 308 417 dampnabiliter
318 395 424 412 resistentes
434 395 453 411 in
463 401 548 418 inagnum
558 395 614 412 totius
624 395 680 412 studii
690 395 800 412 parisiensis
808 395 911 412 scandalum
922 402 942 413 ac
952 396 1006 413 officii
1016 399 1034 413 et
1041 396 1098 418 juris>

181 428 257 445 dictionis
269 428 349 450 ejusdem
362 428 465 445 cancellarii
478 428 624 448 diminutionem,
639 428 759 451 prejudicium
773 432 791 445 et
801 428 880 445 notabile
893 428 1027 445 detrimentum.
1038 429 1099 450 Quare

181 461 232 477 dictus
248 461 363 478 cancellarius
377 461 399 477 ad
415 467 449 477 nos
463 466 519 483 super
535 461 571 478 hiis
586 461 651 478 devote
666 466 763 478 recurrens
780 460 834 478 nobis
848 461 941 478 humiliter
955 461 1063 484 supplicavit
1080 465 1098 478 ut

181 499 229 516 super
241 494 332 516 premissis
346 497 408 511 contra
423 494 482 511 dictos
497 494 594 517 magistros
609 494 689 511 scolares
704 497 721 510 et
736 494 830 516 quoslibet
845 494 890 511 alios
904 494 922 510 in
936 494 1026 511 similibus
1040 494 1099 511 delin-

180 530 248 549 quentes
255 527 327 549 procedi
335 533 367 550 per
374 527 463 544 discretos
476 527 554 549 aliquos,
565 530 582 544 et
593 527 608 544 si
619 527 645 544 eis
656 527 679 543 de
689 527 776 549 predictis
786 530 885 548 constaret,
895 527 970 544 eosdem
980 527 1041 549 puniri
1048 528 1098 549 juxta

181 560 273 577 sanctiones
286 561 381 576 canonicas
396 560 523 576 mandaremus
538 560 566 576 vel
582 565 614 582 per
628 560 703 576 eosdem
716 560 807 576 discretos
818 560 878 577 assisti
887 559 1003 580 cancellario,
1013 560 1035 576 ad
1045 565 1099 582 quem

180 592 269 609 secundum
284 592 377 616 privilegia
391 592 495 615 hujusmodi
511 592 604 615 pertinere
613 592 680 609 dicitur
693 592 763 615 punitio
773 592 899 609 excedentium
910 592 1039 615 predictorum,
1050 592 1099 615 quod

179 625 213 648 ipse
226 625 280 642 dictos
295 626 402 642 excedentes
417 625 518 642 secundum
531 625 627 648 privilegia
637 629 655 642 et
665 625 810 642 consuetudines
820 626 902 648 ejusdem
913 625 990 642 ecclesie
1000 625 1099 642 Parisiens,

179 658 239 675 diutius
249 658 351 675 observatas
362 661 425 681 posset
434 658 534 681 corrigere,
545 658 610 680 punire
621 661 638 675 et
648 658 791 675 animadvertere
801 658 820 675 in
830 659 912 680 eosdem,
921 662 961 675 ante
971 661 1031 675 tamen
1039 658 1098 675 omnia

179 691 258 708 revocatis
274 697 386 714 quecumque
403 696 435 713 per
452 691 511 707 dictos
524 691 622 713 magistros
632 694 694 707 contra
705 691 773 708 dictum
783 691 911 708 cancellarium
924 694 941 708 et
953 691 1055 708 licentiatos
1065 697 1098 708 seu

179 724 282 746 magistratos
292 730 324 746 per
334 730 373 740 eum
384 723 413 740 vel
423 724 565 746 predecessores
576 729 620 740 suos
629 723 748 740 cancellarios
758 724 856 740 Parisiens.
867 724 886 740 in
896 724 979 740 facultate
989 724 1069 746 predicta
1079 724 1101 740 in‘

179 756 251 780 ejusdem
266 756 366 773 cancellarii
376 759 394 773 et
404 756 504 773 eorundem
519 756 667 779 magistratorum
682 762 714 773 seu
729 756 862 774 licentiatorum
880 762 913 779 per
929 762 961 774 eos
977 756 1097 779 prejudicium

179 790 262 812 extiterint
269 793 375 812 attemptata⁴
870 810 872 813 ι

216 823 239 839 De
251 826 280 839 tue
293 823 349 845 igitur
361 822 530 845 circumspectionis
543 822 632 839 industria
642 825 661 839 et
670 822 765 845 diligentie
778 823 839 839 studio
851 822 921 845 plenam
934 822 952 839 in
964 822 1042 839 Domino
1052 822 1099 839 fidu-

178 856 216 872 ciam
229 855 335 876 ohtinentes,
350 855 457 872 fraternitati
469 858 500 872 tue
515 861 548 878 per
563 855 663 878 apostolica
679 855 752 878 scripta.
763 855 869 872 mandamus
884 855 970 878 quatinus
984 855 1052 872 vocatis
1067 855 1101 878 quil

177 888 236 905 suerint
247 888 333 905 evocandi
346 888 368 905 de
381 888 477 910 premissis
492 888 578 905 omnibus
588 891 606 904 et
615 888 695 911 singulis
705 891 722 905 et
734 894 754 905 ea
767 888 885 911 tangentibus
897 891 915 905 et
924 888 1071 911 dependentibus
1081 892 1099 905 et

178 921 302 944 emergentibus
311 921 333 938 ab
343 921 411 938 eisdem
422 921 529 943 simpliciter
540 924 557 938 et
567 921 590 937 de
600 921 653 944 plano
667 921 707 938 sine
720 921 796 943 strepitu
807 924 825 938 et
834 921 892 944 figura
900 921 965 943 judicii
977 921 1102 944 appellationet

178 958 236 971 remota
245 960 350 977 cognoscas⁷
360 954 428 971 faciens
437 954 487 976 quod
497 954 602 971 decreveris
612 960 645 976 per
654 960 750 971 censuram
760 954 902 971 ecclesiasticam
912 954 988 971 firmiter
998 954 1098 971 observari.

177 988 233 1004 Testes
241 991 305 1007 autem,
315 990 347 1004 etc.
363 987 448 1004 Ceterum
461 987 503 1010 quia
516 987 559 1004 dieti
572 987 654 1010 magistri
667 990 686 1004 et
697 987 778 1004 scolares
790 990 877 1004 asserunt
888 992 921 1009 per
930 987 998 1004 dictum
1011 987 1099 1004 cancella÷

178 1020 216 1037 rium
231 1024 270 1043 post
284 1020 387 1043 hujusmodi
403 1020 535 1043 appellationes
552 1026 614 1037 eorum
630 1023 648 1037 et
660 1020 679 1037 in
697 1026 760 1037 eorum
778 1023 902 1043 contemptum
917 1020 985 1043 injuste
1004 1021 1062 1038 fuisse
1080 1020 1098 1038 in

171 1059 255 1079 ’personas
266 1059 326 1070 eorum
340 1053 533 1070 excommunicationis
545 1053 653 1070 sententiam
664 1053 804 1076 promulgatam,
815 1053 911 1076 dictusque
921 1053 1041 1071 cancellarius
1054 1059 1099 1070 non-

177 1086 218 1103 nulla
234 1092 265 1109 per
280 1087 353 1103 eosdem
370 1086 468 1109 magistros
486 1089 503 1103 et
520 1086 600 1103 scolares
615 1086 634 1103 in
649 1092 703 1103 suum
718 1090 736 1103 et
750 1086 858 1103 cancellarie
872 1092 905 1103 sne
923 1087 1043 1109 prejudicium
1060 1087 1100 1103 sore

177 1119 234 1136 asserit
240 1122 345 1142 attemptata,
355 1119 467 1143 presentium
478 1119 511 1136 tibi
521 1120 627 1136 auctoritate
637 1119 768 1136 committimus
776 1120 826 1142 quod
836 1120 895 1137 dictos
905 1120 1003 1143 magistros
1013 1123 1031 1136 et
1041 1119 1099 1137 scola-

177 1158 207 1173 res,
214 1156 265 1175 prout
273 1156 290 1169 et
300 1156 384 1175 quantum
395 1153 418 1169 de
425 1153 467 1175 jure
478 1153 540 1174 suerit,
548 1152 570 1169 ab
578 1153 766 1169 excommunicatione
774 1153 826 1175 juxta
836 1153 910 1170 sormam
921 1153 999 1170 ecclesie
1007 1153 1098 1174 absolvas,

176 1185 201 1202 vel
209 1185 223 1202 si
234 1189 274 1208 post
285 1185 422 1208 appellationem
436 1185 535 1208 legitimam
549 1186 615 1202 dictam
628 1186 822 1202 excommunicationis
834 1186 942 1202 sententiam
954 1186 1047 1202 inveneris
1057 1191 1099 1203 esse

176 1217 227 1238 latam,
241 1223 277 1235 eam
294 1218 400 1241 pronunties
419 1224 455 1235 non
474 1222 544 1240 tenere,
558 1219 662 1235 revocando
679 1218 732 1235 etiam
751 1224 867 1241 quecumque
884 1218 906 1235 ab
922 1218 1007 1235 alterutra
1022 1218 1099 1241 partium

176 1250 258 1267 inveneris
266 1254 326 1268 contra
334 1251 407 1268 alteram
416 1255 484 1268 temere
492 1254 601 1274 attemptata*
610 1252 675 1268 Datum
681 1251 772 1268 Avinione
780 1257 791 1268 x
799 1251 834 1268 kal.
843 1251 893 1273 Julii,
901 1257 948 1268 anno
956 1251 1099 1274 quintodecimo.

215 1319 244 1333 lug.
252 1319 279 1331 Vnt.
287 1319 348 1331 Avenion.
356 1319 420 1332 Iohanni!
428 1320 467 1334 xxu,
475 1320 502 1332 vel.
510 1320 572 1335 xxxvn,
580 1320 603 1332 ῐοΙ.
611 1320 630 1332 52.
640 1326 657 1329 —
666 1320 700 1332 thid·
710 1320 737 1332 uti·
746 1320 764 1332 ad
772 1320 829 1332 eundem
837 1320 914 1336 episcopum
924 1322 938 1332 et
947 1320 972 1332 nub
981 1320 1027 1332 eudem
1036 1320 1100 1336 temperi·
