<?xml version="1.0" encoding="UTF-8"?>
<!DOCTYPE html PUBLIC "-//W3C//DTD XHTML 1.0 Transitional//EN"
    "http://www.w3.org/TR/xhtml1/DTD/xhtml1-transitional.dtd">
<html xmlns="http://www.w3.org/1999/xhtml" xml:lang="en" lang="en">
 <head>
  <title>
</title>
<meta http-equiv="Content-Type" content="text/html;charset=utf-8" />
  <meta name='ocr-system' content='tesseract 3.04.00' />
  <meta name='ocr-capabilities' content='ocr_page ocr_carea ocr_par ocr_line ocrx_word'/>
</head>
<body>
  <div class='ocr_page' id='page_1' title='image "./chartulariumuni00mogoog_0491.png"; bbox 0 0 1273 1538; ppageno 0'>
   <div class='ocr_carea' id='block_1_1' title="bbox 175 59 1093 77">
    <p class='ocr_par' dir='ltr' id='par_1_1' title="bbox 175 59 1093 77">
     <span class='ocr_line' id='line_1_1' title="bbox 175 59 1093 77; baseline 0.001 -2"><span class='ocrx_word' id='word_1_1' title='bbox 175 59 208 76; x_wconf 80' lang='lat'>464</span> <span class='ocrx_word' id='word_1_2' title='bbox 464 65 624 77; x_wconf 60' lang='lat' dir='ltr'>casm-utamur:</span> <span class='ocrx_word' id='word_1_3' title='bbox 641 65 735 77; x_wconf 71' lang='lat' dir='ltr'>univsns.</span> <span class='ocrx_word' id='word_1_4' title='bbox 754 65 818 76; x_wconf 67' lang='lat' dir='ltr'>nnis.</span> <span class='ocrx_word' id='word_1_5' title='bbox 1049 59 1093 77; x_wconf 74' lang='lat'><strong>[13³6</strong></span> 
     </span>
    </p>
   </div>
   <div class='ocr_carea' id='block_1_2' title="bbox 176 100 1099 1292">
    <p class='ocr_par' dir='ltr' id='par_1_2' title="bbox 176 100 1093 156">
     <span class='ocr_line' id='line_1_2' title="bbox 176 100 1093 123; baseline 0 -6"><span class='ocrx_word' id='word_1_6' title='bbox 176 100 246 122; x_wconf 74' lang='lat' dir='ltr'>prefati=</span> <span class='ocrx_word' id='word_1_7' title='bbox 262 100 338 118; x_wconf 79' lang='lat' dir='ltr'>firmiter</span> <span class='ocrx_word' id='word_1_8' title='bbox 352 101 481 123; x_wconf 69' lang='lat' dir='ltr'>astringantur,</span> <span class='ocrx_word' id='word_1_9' title='bbox 494 104 513 118; x_wconf 86' lang='lat' dir='ltr'>et</span> <span class='ocrx_word' id='word_1_10' title='bbox 526 101 548 118; x_wconf 85' lang='lat' dir='ltr'>ad</span> <span class='ocrx_word' id='word_1_11' title='bbox 559 107 588 118; x_wconf 88' lang='lat' dir='ltr'>eas</span> <span class='ocrx_word' id='word_1_12' title='bbox 598 101 702 121; x_wconf 75' lang='lat' dir='ltr'>solvendas,</span> <span class='ocrx_word' id='word_1_13' title='bbox 713 101 760 117; x_wconf 88' lang='lat' dir='ltr'>sicut</span> <span class='ocrx_word' id='word_1_14' title='bbox 774 101 797 117; x_wconf 85' lang='lat' dir='ltr'>de</span> <span class='ocrx_word' id='word_1_15' title='bbox 811 101 851 117; x_wconf 84' lang='lat' dir='ltr'>aliis</span> <span class='ocrx_word' id='word_1_16' title='bbox 864 101 977 118; x_wconf 71' lang='lat' dir='ltr'>studentibus</span> <span class='ocrx_word' id='word_1_17' title='bbox 988 101 1023 123; x_wconf 84' lang='lat' dir='ltr'>jam</span> <span class='ocrx_word' id='word_1_18' title='bbox 1034 101 1093 117; x_wconf 78' lang='lat' dir='ltr'>dietum</span> 
     </span>
     <span class='ocr_line' id='line_1_3' title="bbox 178 133 872 156; baseline -0.001 -6"><span class='ocrx_word' id='word_1_19' title='bbox 178 133 256 150; x_wconf 84' lang='lat' dir='ltr'>seriatim</span> <span class='ocrx_word' id='word_1_20' title='bbox 267 137 285 150; x_wconf 90' lang='lat' dir='ltr'>et</span> <span class='ocrx_word' id='word_1_21' title='bbox 295 133 410 150; x_wconf 81' lang='lat' dir='ltr'>modificatim</span> <span class='ocrx_word' id='word_1_22' title='bbox 420 133 488 154; x_wconf 77' lang='lat' dir='ltr'><strong>existit,</strong></span> <span class='ocrx_word' id='word_1_23' title='bbox 499 139 531 156; x_wconf 84' lang='lat' dir='ltr'>per</span> <span class='ocrx_word' id='word_1_24' title='bbox 541 134 599 156; x_wconf 85' lang='lat' dir='ltr'>ipsum</span> <span class='ocrx_word' id='word_1_25' title='bbox 610 134 689 156; x_wconf 78' lang='lat' dir='ltr'>priorem</span> <span class='ocrx_word' id='word_1_26' title='bbox 700 133 770 150; x_wconf 83' lang='lat' dir='ltr'>valeant</span> <span class='ocrx_word' id='word_1_27' title='bbox 779 133 872 150; x_wconf 87' lang='lat' dir='ltr'>coarctari.</span> 
     </span>
    </p>

    <p class='ocr_par' dir='ltr' id='par_1_3' title="bbox 177 165 1095 544">
     <span class='ocr_line' id='line_1_4' title="bbox 222 165 1094 188; baseline 0 -6"><span class='ocrx_word' id='word_1_28' title='bbox 222 166 279 183; x_wconf 84' lang='lat' dir='ltr'>Porro</span> <span class='ocrx_word' id='word_1_29' title='bbox 293 166 388 182; x_wconf 86' lang='lat' dir='ltr'>statuimus</span> <span class='ocrx_word' id='word_1_30' title='bbox 402 169 421 182; x_wconf 85' lang='lat' dir='ltr'>et</span> <span class='ocrx_word' id='word_1_31' title='bbox 434 166 547 186; x_wconf 77' lang='lat' dir='ltr'>ordinamus,</span> <span class='ocrx_word' id='word_1_32' title='bbox 557 166 606 188; x_wconf 82' lang='lat' dir='ltr'>quod</span> <span class='ocrx_word' id='word_1_33' title='bbox 619 166 690 182; x_wconf 80' lang='lat' dir='ltr'>nullus¹</span> <span class='ocrx_word' id='word_1_34' title='bbox 703 165 725 182; x_wconf 88' lang='lat' dir='ltr'>de</span> <span class='ocrx_word' id='word_1_35' title='bbox 739 165 808 182; x_wconf 81' lang='lat' dir='ltr'>Ordine</span> <span class='ocrx_word' id='word_1_36' title='bbox 821 171 853 182; x_wconf 88' lang='lat' dir='ltr'>seu</span> <span class='ocrx_word' id='word_1_37' title='bbox 866 166 953 188; x_wconf 82' lang='lat' dir='ltr'>religione</span> <span class='ocrx_word' id='word_1_38' title='bbox 966 165 1064 187; x_wconf 77' lang='lat' dir='ltr'>hujusmodi</span> <span class='ocrx_word' id='word_1_39' title='bbox 1075 166 1094 182; x_wconf 79' lang='lat' dir='ltr'>ad</span> 
     </span>
     <span class='ocr_line' id='line_1_5' title="bbox 178 197 1095 221; baseline -0.001 -6"><span class='ocrx_word' id='word_1_40' title='bbox 178 198 303 221; x_wconf 83' lang='lat' dir='ltr'>recipiendum</span> <span class='ocrx_word' id='word_1_41' title='bbox 319 199 434 221; x_wconf 75' lang='lat' dir='ltr'>magistratus</span> <span class='ocrx_word' id='word_1_42' title='bbox 449 203 482 214; x_wconf 88' lang='lat' dir='ltr'>seu</span> <span class='ocrx_word' id='word_1_43' title='bbox 494 198 599 214; x_wconf 88' lang='lat' dir='ltr'>doctoratus</span> <span class='ocrx_word' id='word_1_44' title='bbox 612 198 699 214; x_wconf 85' lang='lat' dir='ltr'>honorem</span> <span class='ocrx_word' id='word_1_45' title='bbox 712 197 798 214; x_wconf 83' lang='lat' dir='ltr'>decetero</span> <span class='ocrx_word' id='word_1_46' title='bbox 813 201 919 218; x_wconf 72' lang='lat' dir='ltr'>assumatur,</span> <span class='ocrx_word' id='word_1_47' title='bbox 936 198 970 214; x_wconf 86' lang='lat' dir='ltr'>nisi</span> <span class='ocrx_word' id='word_1_48' title='bbox 984 197 1054 219; x_wconf 81' lang='lat' dir='ltr'>prestito</span> <span class='ocrx_word' id='word_1_49' title='bbox 1067 204 1095 220; x_wconf 82' lang='lat' dir='ltr'>per</span> 
     </span>
     <span class='ocr_line' id='line_1_6' title="bbox 178 229 1095 253; baseline 0 -6"><span class='ocrx_word' id='word_1_50' title='bbox 178 236 218 247; x_wconf 88' lang='lat' dir='ltr'>eum</span> <span class='ocrx_word' id='word_1_51' title='bbox 230 230 314 253; x_wconf 85' lang='lat' dir='ltr'>primitus</span> <span class='ocrx_word' id='word_1_52' title='bbox 321 231 425 252; x_wconf 80' lang='lat' dir='ltr'>juramento</span> <span class='ocrx_word' id='word_1_53' title='bbox 435 230 454 246; x_wconf 87' lang='lat' dir='ltr'>in</span> <span class='ocrx_word' id='word_1_54' title='bbox 464 230 556 252; x_wconf 78' lang='lat' dir='ltr'>presentia</span> <span class='ocrx_word' id='word_1_55' title='bbox 567 230 609 246; x_wconf 89' lang='lat' dir='ltr'>dicti</span> <span class='ocrx_word' id='word_1_56' title='bbox 624 230 691 252; x_wconf 85' lang='lat' dir='ltr'>prioris</span> <span class='ocrx_word' id='word_1_57' title='bbox 701 230 821 251; x_wconf 82' lang='lat' dir='ltr'>studentium,</span> <span class='ocrx_word' id='word_1_58' title='bbox 834 236 854 246; x_wconf 84' lang='lat' dir='ltr'>ac</span> <span class='ocrx_word' id='word_1_59' title='bbox 867 230 960 246; x_wconf 76' lang='lat' dir='ltr'>duodecim</span> <span class='ocrx_word' id='word_1_60' title='bbox 976 229 1067 252; x_wconf 84' lang='lat' dir='ltr'>proborum</span> <span class='ocrx_word' id='word_1_61' title='bbox 1080 234 1095 247; x_wconf 83' lang='lat' dir='ltr'>et</span> 
     </span>
     <span class='ocr_line' id='line_1_7' title="bbox 178 262 1094 285; baseline -0.001 -5"><span class='ocrx_word' id='word_1_62' title='bbox 178 263 298 280; x_wconf 82' lang='lat' dir='ltr'>discreturum</span> <span class='ocrx_word' id='word_1_63' title='bbox 309 268 331 279; x_wconf 88' lang='lat' dir='ltr'>ex</span> <span class='ocrx_word' id='word_1_64' title='bbox 345 262 462 279; x_wconf 79' lang='lat' dir='ltr'>studentibus</span> <span class='ocrx_word' id='word_1_65' title='bbox 473 262 576 283; x_wconf 81' lang='lat' dir='ltr'>antedictis,</span> <span class='ocrx_word' id='word_1_66' title='bbox 587 263 635 285; x_wconf 81' lang='lat' dir='ltr'>quod</span> <span class='ocrx_word' id='word_1_67' title='bbox 646 263 664 279; x_wconf 94' lang='lat' dir='ltr'>in</span> <span class='ocrx_word' id='word_1_68' title='bbox 678 263 803 285; x_wconf 81' lang='lat' dir='ltr'>assumptione</span> <span class='ocrx_word' id='word_1_69' title='bbox 817 263 875 285; x_wconf 80' lang='lat' dir='ltr'>ipsius</span> <span class='ocrx_word' id='word_1_70' title='bbox 889 262 963 280; x_wconf 84' lang='lat' dir='ltr'>honoris</span> <span class='ocrx_word' id='word_1_71' title='bbox 976 262 1005 279; x_wconf 86' lang='lat' dir='ltr'>vel</span> <span class='ocrx_word' id='word_1_72' title='bbox 1016 265 1054 279; x_wconf 85' lang='lat' dir='ltr'>ante</span> <span class='ocrx_word' id='word_1_73' title='bbox 1067 268 1094 279; x_wconf 84' lang='lat' dir='ltr'>seu</span> 
     </span>
     <span class='ocr_line' id='line_1_8' title="bbox 178 295 1094 318; baseline 0 -7"><span class='ocrx_word' id='word_1_74' title='bbox 178 299 219 317; x_wconf 85' lang='lat' dir='ltr'>post</span> <span class='ocrx_word' id='word_1_75' title='bbox 229 295 269 317; x_wconf 86' lang='lat' dir='ltr'>ejus</span> <span class='ocrx_word' id='word_1_76' title='bbox 279 295 381 314; x_wconf 69' lang='lat' dir='ltr'>occasione,</span> <span class='ocrx_word' id='word_1_77' title='bbox 392 295 440 311; x_wconf 78' lang='lat' dir='ltr'>cirea</span> <span class='ocrx_word' id='word_1_78' title='bbox 450 295 508 316; x_wconf 80' lang='lat' dir='ltr'>cibos,</span> <span class='ocrx_word' id='word_1_79' title='bbox 519 298 586 315; x_wconf 68' lang='lat' dir='ltr'>vestes,</span> <span class='ocrx_word' id='word_1_80' title='bbox 597 295 626 312; x_wconf 88' lang='lat' dir='ltr'>vel</span> <span class='ocrx_word' id='word_1_81' title='bbox 636 295 669 312; x_wconf 85' lang='lat' dir='ltr'>alia</span> <span class='ocrx_word' id='word_1_82' title='bbox 680 301 717 311; x_wconf 88' lang='lat' dir='ltr'>non</span> <span class='ocrx_word' id='word_1_83' title='bbox 727 295 818 318; x_wconf 73' lang='lat' dir='ltr'>expendet.</span> <span class='ocrx_word' id='word_1_84' title='bbox 827 301 860 317; x_wconf 86' lang='lat' dir='ltr'>per</span> <span class='ocrx_word' id='word_1_85' title='bbox 869 301 889 312; x_wconf 83' lang='lat' dir='ltr'>se</span> <span class='ocrx_word' id='word_1_86' title='bbox 898 295 927 311; x_wconf 89' lang='lat' dir='ltr'>vel</span> <span class='ocrx_word' id='word_1_87' title='bbox 937 295 996 315; x_wconf 80' lang='lat' dir='ltr'>alium,</span> <span class='ocrx_word' id='word_1_88' title='bbox 1006 295 1094 311; x_wconf 79' lang='lat' dir='ltr'>undecum-</span> 
     </span>
     <span class='ocr_line' id='line_1_9' title="bbox 178 326 1095 350; baseline 0.001 -7"><span class='ocrx_word' id='word_1_89' title='bbox 178 333 213 349; x_wconf 81' lang='lat' dir='ltr'>que</span> <span class='ocrx_word' id='word_1_90' title='bbox 223 327 312 347; x_wconf 72' lang='lat' dir='ltr'>habuerit,</span> <span class='ocrx_word' id='word_1_91' title='bbox 324 327 352 343; x_wconf 88' lang='lat' dir='ltr'>vel</span> <span class='ocrx_word' id='word_1_92' title='bbox 362 327 417 344; x_wconf 84' lang='lat' dir='ltr'>suerit</span> <span class='ocrx_word' id='word_1_93' title='bbox 426 327 462 343; x_wconf 81' lang='lat' dir='ltr'>sibi</span> <span class='ocrx_word' id='word_1_94' title='bbox 472 327 539 347; x_wconf 77' lang='lat' dir='ltr'>datum,</span> <span class='ocrx_word' id='word_1_95' title='bbox 550 333 584 344; x_wconf 84' lang='lat' dir='ltr'>nec</span> <span class='ocrx_word' id='word_1_96' title='bbox 594 330 680 350; x_wconf 87' lang='lat' dir='ltr'>quantum</span> <span class='ocrx_word' id='word_1_97' title='bbox 691 327 709 343; x_wconf 92' lang='lat' dir='ltr'>in</span> <span class='ocrx_word' id='word_1_98' title='bbox 719 333 741 344; x_wconf 87' lang='lat' dir='ltr'>eo</span> <span class='ocrx_word' id='word_1_99' title='bbox 751 327 806 344; x_wconf 80' lang='lat' dir='ltr'>suerit</span> <span class='ocrx_word' id='word_1_100' title='bbox 816 327 893 349; x_wconf 88' lang='lat' dir='ltr'>expendi</span> <span class='ocrx_word' id='word_1_101' title='bbox 903 327 992 350; x_wconf 79' lang='lat' dir='ltr'>permittet</span> <span class='ocrx_word' id='word_1_102' title='bbox 1002 326 1043 343; x_wconf 75' lang='lat' dir='ltr'>ultra</span> <span class='ocrx_word' id='word_1_103' title='bbox 1053 327 1095 344; x_wconf 78' lang='lat' dir='ltr'>vnio-</span> 
     </span>
     <span class='ocr_line' id='line_1_10' title="bbox 178 359 1094 382; baseline 0 -6"><span class='ocrx_word' id='word_1_104' title='bbox 178 365 215 376; x_wconf 80' lang='lat' dir='ltr'>rem</span> <span class='ocrx_word' id='word_1_105' title='bbox 227 359 304 376; x_wconf 85' lang='lat' dir='ltr'>duorum</span> <span class='ocrx_word' id='word_1_106' title='bbox 315 359 392 376; x_wconf 83' lang='lat' dir='ltr'>millium</span> <span class='ocrx_word' id='word_1_107' title='bbox 406 360 534 376; x_wconf 84' lang='lat' dir='ltr'>turonensium</span> <span class='ocrx_word' id='word_1_108' title='bbox 547 360 617 382; x_wconf 82' lang='lat' dir='ltr'>argenti</span> <span class='ocrx_word' id='word_1_109' title='bbox 632 360 654 376; x_wconf 91' lang='lat' dir='ltr'>ab</span> <span class='ocrx_word' id='word_1_110' title='bbox 664 359 705 376; x_wconf 79' lang='lat' dir='ltr'>aliis</span> <span class='ocrx_word' id='word_1_111' title='bbox 717 360 770 376; x_wconf 75' lang='lat' dir='ltr'>etium</span> <span class='ocrx_word' id='word_1_112' title='bbox 785 360 824 376; x_wconf 84' lang='lat' dir='ltr'>suis</span> <span class='ocrx_word' id='word_1_113' title='bbox 839 360 978 382; x_wconf 81' lang='lat' dir='ltr'>consanguineis</span> <span class='ocrx_word' id='word_1_114' title='bbox 993 359 1020 375; x_wconf 85' lang='lat' dir='ltr'>vel</span> <span class='ocrx_word' id='word_1_115' title='bbox 1034 360 1094 376; x_wconf 80' lang='lat' dir='ltr'>amicis.</span> 
     </span>
     <span class='ocr_line' id='line_1_11' title="bbox 178 391 1095 414; baseline 0 -6"><span class='ocrx_word' id='word_1_116' title='bbox 178 391 207 408; x_wconf 83' lang='lat' dir='ltr'>ltli</span> <span class='ocrx_word' id='word_1_117' title='bbox 217 391 276 412; x_wconf 78' lang='lat' dir='ltr'>etiam,</span> <span class='ocrx_word' id='word_1_118' title='bbox 287 392 318 414; x_wconf 83' lang='lat' dir='ltr'>qui</span> <span class='ocrx_word' id='word_1_119' title='bbox 328 392 350 408; x_wconf 83' lang='lat' dir='ltr'>ad</span> <span class='ocrx_word' id='word_1_120' title='bbox 360 392 479 409; x_wconf 83' lang='lat' dir='ltr'>baccalariam</span> <span class='ocrx_word' id='word_1_121' title='bbox 488 392 581 409; x_wconf 83' lang='lat' dir='ltr'>extiterint</span> <span class='ocrx_word' id='word_1_122' title='bbox 590 392 702 412; x_wconf 77' lang='lat' dir='ltr'>assumendi,</span> <span class='ocrx_word' id='word_1_123' title='bbox 717 395 797 414; x_wconf 75' lang='lat' dir='ltr'>prestare</span> <span class='ocrx_word' id='word_1_124' title='bbox 812 395 907 409; x_wconf 81' lang='lat' dir='ltr'>teneantur</span> <span class='ocrx_word' id='word_1_125' title='bbox 921 392 1003 408; x_wconf 84' lang='lat' dir='ltr'>similiter</span> <span class='ocrx_word' id='word_1_126' title='bbox 1012 392 1095 413; x_wconf 83' lang='lat' dir='ltr'>juramen-</span> 
     </span>
     <span class='ocr_line' id='line_1_12' title="bbox 177 424 1094 446; baseline 0 -6"><span class='ocrx_word' id='word_1_127' title='bbox 177 427 215 440; x_wconf 87' lang='lat' dir='ltr'>tu1n</span> <span class='ocrx_word' id='word_1_128' title='bbox 225 424 243 440; x_wconf 86' lang='lat' dir='ltr'>in</span> <span class='ocrx_word' id='word_1_129' title='bbox 254 424 344 446; x_wconf 83' lang='lat' dir='ltr'>presentia</span> <span class='ocrx_word' id='word_1_130' title='bbox 360 424 426 446; x_wconf 86' lang='lat' dir='ltr'>prioris</span> <span class='ocrx_word' id='word_1_131' title='bbox 441 424 559 444; x_wconf 79' lang='lat' dir='ltr'>studentium,</span> <span class='ocrx_word' id='word_1_132' title='bbox 571 427 588 440; x_wconf 93' lang='lat' dir='ltr'>et</span> <span class='ocrx_word' id='word_1_133' title='bbox 602 424 698 441; x_wconf 78' lang='lat' dir='ltr'>duodecim</span> <span class='ocrx_word' id='word_1_134' title='bbox 712 424 811 446; x_wconf 85' lang='lat' dir='ltr'>proborum</span> <span class='ocrx_word' id='word_1_135' title='bbox 826 427 844 440; x_wconf 86' lang='lat' dir='ltr'>et</span> <span class='ocrx_word' id='word_1_136' title='bbox 858 424 975 440; x_wconf 83' lang='lat' dir='ltr'>discretorum</span> <span class='ocrx_word' id='word_1_137' title='bbox 990 424 1094 446; x_wconf 72' lang='lat' dir='ltr'>prefatorum,</span> 
     </span>
     <span class='ocr_line' id='line_1_13' title="bbox 178 456 1095 479; baseline -0.001 -6"><span class='ocrx_word' id='word_1_138' title='bbox 178 456 227 478; x_wconf 77' lang='lat' dir='ltr'>quod</span> <span class='ocrx_word' id='word_1_139' title='bbox 236 456 342 478; x_wconf 76' lang='lat' dir='ltr'>hujusmodi</span> <span class='ocrx_word' id='word_1_140' title='bbox 352 456 381 473; x_wconf 87' lang='lat' dir='ltr'>sui</span> <span class='ocrx_word' id='word_1_141' title='bbox 391 456 520 473; x_wconf 78' lang='lat' dir='ltr'>baccalariatus</span> <span class='ocrx_word' id='word_1_142' title='bbox 531 459 612 478; x_wconf 85' lang='lat' dir='ltr'>pretextu</span> <span class='ocrx_word' id='word_1_143' title='bbox 626 457 665 479; x_wconf 87' lang='lat' dir='ltr'>ipsa</span> <span class='ocrx_word' id='word_1_144' title='bbox 675 456 710 476; x_wconf 89' lang='lat' dir='ltr'>die,</span> <span class='ocrx_word' id='word_1_145' title='bbox 722 462 756 478; x_wconf 85' lang='lat' dir='ltr'>qua</span> <span class='ocrx_word' id='word_1_146' title='bbox 769 456 863 479; x_wconf 83' lang='lat' dir='ltr'>incipient,</span> <span class='ocrx_word' id='word_1_147' title='bbox 874 456 902 473; x_wconf 83' lang='lat' dir='ltr'>vel</span> <span class='ocrx_word' id='word_1_148' title='bbox 911 459 951 473; x_wconf 86' lang='lat' dir='ltr'>ante</span> <span class='ocrx_word' id='word_1_149' title='bbox 964 462 995 473; x_wconf 88' lang='lat' dir='ltr'>seu</span> <span class='ocrx_word' id='word_1_150' title='bbox 1008 459 1051 478; x_wconf 83' lang='lat' dir='ltr'>post,</span> <span class='ocrx_word' id='word_1_151' title='bbox 1061 456 1095 473; x_wconf 87' lang='lat' dir='ltr'>nul-</span> 
     </span>
     <span class='ocr_line' id='line_1_14' title="bbox 179 488 1095 511; baseline 0 -6"><span class='ocrx_word' id='word_1_152' title='bbox 179 488 215 505; x_wconf 84' lang='lat' dir='ltr'>lum</span> <span class='ocrx_word' id='word_1_153' title='bbox 226 489 292 505; x_wconf 78' lang='lat' dir='ltr'>testum</span> <span class='ocrx_word' id='word_1_154' title='bbox 302 494 335 505; x_wconf 91' lang='lat' dir='ltr'>seu</span> <span class='ocrx_word' id='word_1_155' title='bbox 345 489 448 506; x_wconf 82' lang='lat' dir='ltr'>convivium</span> <span class='ocrx_word' id='word_1_156' title='bbox 458 489 525 505; x_wconf 80' lang='lat' dir='ltr'>sacient</span> <span class='ocrx_word' id='word_1_157' title='bbox 535 494 567 511; x_wconf 89' lang='lat' dir='ltr'>per</span> <span class='ocrx_word' id='word_1_158' title='bbox 577 494 597 505; x_wconf 92' lang='lat' dir='ltr'>se</span> <span class='ocrx_word' id='word_1_159' title='bbox 607 489 636 505; x_wconf 91' lang='lat' dir='ltr'>vel</span> <span class='ocrx_word' id='word_1_160' title='bbox 644 489 698 505; x_wconf 85' lang='lat' dir='ltr'>alium</span> <span class='ocrx_word' id='word_1_161' title='bbox 709 494 741 505; x_wconf 88' lang='lat' dir='ltr'>seu</span> <span class='ocrx_word' id='word_1_162' title='bbox 752 488 804 509; x_wconf 81' lang='lat' dir='ltr'>alios,</span> <span class='ocrx_word' id='word_1_163' title='bbox 813 492 844 505; x_wconf 80' lang='lat' dir='ltr'>aut</span> <span class='ocrx_word' id='word_1_164' title='bbox 853 488 892 505; x_wconf 81' lang='lat' dir='ltr'>fieri</span> <span class='ocrx_word' id='word_1_165' title='bbox 902 489 1004 511; x_wconf 83' lang='lat' dir='ltr'>permittent</span> <span class='ocrx_word' id='word_1_166' title='bbox 1012 494 1020 504; x_wconf 81' lang='lat' dir='ltr'>a</span> <span class='ocrx_word' id='word_1_167' title='bbox 1029 488 1095 511; x_wconf 82' lang='lat' dir='ltr'>quibus-</span> 
     </span>
     <span class='ocr_line' id='line_1_15' title="bbox 179 521 652 544; baseline 0 -7"><span class='ocrx_word' id='word_1_168' title='bbox 179 526 256 543; x_wconf 79' lang='lat' dir='ltr'>cumque</span> <span class='ocrx_word' id='word_1_169' title='bbox 267 521 307 537; x_wconf 78' lang='lat' dir='ltr'>aliis</span> <span class='ocrx_word' id='word_1_170' title='bbox 318 527 381 538; x_wconf 87' lang='lat' dir='ltr'>eorum</span> <span class='ocrx_word' id='word_1_171' title='bbox 391 521 534 544; x_wconf 79' lang='lat' dir='ltr'>consanguineis</span> <span class='ocrx_word' id='word_1_172' title='bbox 544 521 573 537; x_wconf 92' lang='lat' dir='ltr'>vel</span> <span class='ocrx_word' id='word_1_173' title='bbox 583 521 652 538; x_wconf 66' lang='lat' dir='ltr'>amicis,</span> 
     </span>
    </p>

    <p class='ocr_par' dir='ltr' id='par_1_4' title="bbox 178 553 1099 1127">
     <span class='ocr_line' id='line_1_16' title="bbox 224 553 1096 576; baseline 0 -7"><span class='ocrx_word' id='word_1_174' title='bbox 224 553 295 570; x_wconf 77' lang='lat' dir='ltr'>Rursus</span> <span class='ocrx_word' id='word_1_175' title='bbox 305 553 400 570; x_wconf 77' lang='lat' dir='ltr'>statuimus</span> <span class='ocrx_word' id='word_1_176' title='bbox 411 556 429 569; x_wconf 86' lang='lat' dir='ltr'>et</span> <span class='ocrx_word' id='word_1_177' title='bbox 438 553 551 574; x_wconf 83' lang='lat' dir='ltr'>ordinamus,</span> <span class='ocrx_word' id='word_1_178' title='bbox 562 553 610 575; x_wconf 86' lang='lat' dir='ltr'>quod</span> <span class='ocrx_word' id='word_1_179' title='bbox 622 553 731 575; x_wconf 82' lang='lat' dir='ltr'>quicumque</span> <span class='ocrx_word' id='word_1_180' title='bbox 742 553 800 575; x_wconf 84' lang='lat' dir='ltr'>ipsius</span> <span class='ocrx_word' id='word_1_181' title='bbox 811 553 886 570; x_wconf 85' lang='lat' dir='ltr'>Ordinis</span> <span class='ocrx_word' id='word_1_182' title='bbox 895 559 927 570; x_wconf 87' lang='lat' dir='ltr'>seu</span> <span class='ocrx_word' id='word_1_183' title='bbox 938 553 1035 576; x_wconf 78' lang='lat' dir='ltr'>religionis,</span> <span class='ocrx_word' id='word_1_184' title='bbox 1044 554 1071 576; x_wconf 79' lang='lat' dir='ltr'>qui</span> <span class='ocrx_word' id='word_1_185' title='bbox 1080 554 1096 570; x_wconf 86' lang='lat' dir='ltr'>in</span> 
     </span>
     <span class='ocr_line' id='line_1_17' title="bbox 179 585 1096 608; baseline 0 -6"><span class='ocrx_word' id='word_1_186' title='bbox 179 585 228 602; x_wconf 90' lang='lat' dir='ltr'>dicto</span> <span class='ocrx_word' id='word_1_187' title='bbox 238 585 337 602; x_wconf 83' lang='lat' dir='ltr'>Parisiensi</span> <span class='ocrx_word' id='word_1_188' title='bbox 347 585 376 602; x_wconf 89' lang='lat' dir='ltr'>vel</span> <span class='ocrx_word' id='word_1_189' title='bbox 386 585 404 602; x_wconf 91' lang='lat' dir='ltr'>in</span> <span class='ocrx_word' id='word_1_190' title='bbox 414 585 474 608; x_wconf 81' lang='lat' dir='ltr'>aliquo</span> <span class='ocrx_word' id='word_1_191' title='bbox 488 586 524 602; x_wconf 84' lang='lat' dir='ltr'>alio</span> <span class='ocrx_word' id='word_1_192' title='bbox 533 585 614 608; x_wconf 78' lang='lat' dir='ltr'>generali</span> <span class='ocrx_word' id='word_1_193' title='bbox 629 585 695 602; x_wconf 89' lang='lat' dir='ltr'>studiis</span> <span class='ocrx_word' id='word_1_194' title='bbox 709 591 741 608; x_wconf 85' lang='lat' dir='ltr'>per</span> <span class='ocrx_word' id='word_1_195' title='bbox 755 591 787 602; x_wconf 84' lang='lat' dir='ltr'>sex</span> <span class='ocrx_word' id='word_1_196' title='bbox 801 591 859 602; x_wconf 84' lang='lat' dir='ltr'>annos</span> <span class='ocrx_word' id='word_1_197' title='bbox 873 586 891 602; x_wconf 94' lang='lat' dir='ltr'>in</span> <span class='ocrx_word' id='word_1_198' title='bbox 904 586 941 603; x_wconf 87' lang='lat' dir='ltr'>sola</span> <span class='ocrx_word' id='word_1_199' title='bbox 954 592 1003 603; x_wconf 86' lang='lat' dir='ltr'>sacra</span> <span class='ocrx_word' id='word_1_200' title='bbox 1016 585 1096 608; x_wconf 79' lang='lat' dir='ltr'>theologia</span> 
     </span>
     <span class='ocr_line' id='line_1_18' title="bbox 179 618 1096 640; baseline 0.001 -6"><span class='ocrx_word' id='word_1_201' title='bbox 179 618 289 638; x_wconf 83' lang='lat' dir='ltr'>studuerint,</span> <span class='ocrx_word' id='word_1_202' title='bbox 300 618 319 634; x_wconf 94' lang='lat' dir='ltr'>in</span> <span class='ocrx_word' id='word_1_203' title='bbox 329 618 370 634; x_wconf 77' lang='lat' dir='ltr'>aliis</span> <span class='ocrx_word' id='word_1_204' title='bbox 380 618 462 634; x_wconf 77' lang='lat' dir='ltr'>scientiis</span> <span class='ocrx_word' id='word_1_205' title='bbox 472 618 570 640; x_wconf 86' lang='lat' dir='ltr'>primitivis</span> <span class='ocrx_word' id='word_1_206' title='bbox 580 618 631 640; x_wconf 89' lang='lat' dir='ltr'>prius</span> <span class='ocrx_word' id='word_1_207' title='bbox 641 618 752 634; x_wconf 80' lang='lat' dir='ltr'>sufficienter</span> <span class='ocrx_word' id='word_1_208' title='bbox 762 618 853 639; x_wconf 80' lang='lat' dir='ltr'>instructi,</span> <span class='ocrx_word' id='word_1_209' title='bbox 864 621 882 635; x_wconf 85' lang='lat' dir='ltr'>et</span> <span class='ocrx_word' id='word_1_210' title='bbox 890 618 934 635; x_wconf 85' lang='lat' dir='ltr'>alias</span> <span class='ocrx_word' id='word_1_211' title='bbox 943 618 964 635; x_wconf 83' lang='lat' dir='ltr'>ad</span> <span class='ocrx_word' id='word_1_212' title='bbox 974 618 1007 635; x_wconf 80' lang='lat' dir='ltr'>hoc</span> <span class='ocrx_word' id='word_1_213' title='bbox 1016 618 1096 635; x_wconf 83' lang='lat' dir='ltr'>sufficien-</span> 
     </span>
     <span class='ocr_line' id='line_1_19' title="bbox 179 650 1096 673; baseline 0.001 -7"><span class='ocrx_word' id='word_1_214' title='bbox 179 654 207 667; x_wconf 93' lang='lat' dir='ltr'>tes</span> <span class='ocrx_word' id='word_1_215' title='bbox 217 653 235 667; x_wconf 83' lang='lat' dir='ltr'>et</span> <span class='ocrx_word' id='word_1_216' title='bbox 244 650 311 673; x_wconf 88' lang='lat' dir='ltr'>ydonei</span> <span class='ocrx_word' id='word_1_217' title='bbox 321 650 394 670; x_wconf 74' lang='lat' dir='ltr'>suerint,</span> <span class='ocrx_word' id='word_1_218' title='bbox 406 650 479 672; x_wconf 83' lang='lat' dir='ltr'>possint</span> <span class='ocrx_word' id='word_1_219' title='bbox 488 651 507 667; x_wconf 92' lang='lat' dir='ltr'>in</span> <span class='ocrx_word' id='word_1_220' title='bbox 517 651 557 672; x_wconf 81' lang='lat' dir='ltr'>ipso</span> <span class='ocrx_word' id='word_1_221' title='bbox 568 650 666 667; x_wconf 86' lang='lat' dir='ltr'>Parisiensi</span> <span class='ocrx_word' id='word_1_222' title='bbox 677 650 738 667; x_wconf 85' lang='lat' dir='ltr'>studio</span> <span class='ocrx_word' id='word_1_223' title='bbox 748 656 814 667; x_wconf 83' lang='lat' dir='ltr'>cursus</span> <span class='ocrx_word' id='word_1_224' title='bbox 824 654 921 667; x_wconf 85' lang='lat' dir='ltr'>consuetos</span> <span class='ocrx_word' id='word_1_225' title='bbox 932 651 988 667; x_wconf 87' lang='lat' dir='ltr'>Biblie</span> <span class='ocrx_word' id='word_1_226' title='bbox 998 651 1057 667; x_wconf 76' lang='lat' dir='ltr'>facere.</span> <span class='ocrx_word' id='word_1_227' title='bbox 1067 651 1096 672; x_wconf 89' lang='lat' dir='ltr'>Qui</span> 
     </span>
     <span class='ocr_line' id='line_1_20' title="bbox 179 682 1096 705; baseline 0 -6"><span class='ocrx_word' id='word_1_228' title='bbox 179 688 223 699; x_wconf 87' lang='lat' dir='ltr'>vero</span> <span class='ocrx_word' id='word_1_229' title='bbox 234 688 266 705; x_wconf 82' lang='lat' dir='ltr'>per</span> <span class='ocrx_word' id='word_1_230' title='bbox 276 685 317 699; x_wconf 85' lang='lat' dir='ltr'>octo</span> <span class='ocrx_word' id='word_1_231' title='bbox 327 688 385 699; x_wconf 91' lang='lat' dir='ltr'>annos</span> <span class='ocrx_word' id='word_1_232' title='bbox 395 682 414 698; x_wconf 85' lang='lat' dir='ltr'>in</span> <span class='ocrx_word' id='word_1_233' title='bbox 424 683 462 699; x_wconf 90' lang='lat' dir='ltr'>sola</span> <span class='ocrx_word' id='word_1_234' title='bbox 473 682 564 705; x_wconf 79' lang='lat' dir='ltr'>theolog-ia</span> <span class='ocrx_word' id='word_1_235' title='bbox 575 682 684 703; x_wconf 89' lang='lat' dir='ltr'>studuerint,</span> <span class='ocrx_word' id='word_1_236' title='bbox 696 686 714 699; x_wconf 80' lang='lat' dir='ltr'>ut</span> <span class='ocrx_word' id='word_1_237' title='bbox 725 683 821 705; x_wconf 74' lang='lat' dir='ltr'>prefertur,</span> <span class='ocrx_word' id='word_1_238' title='bbox 832 682 898 699; x_wconf 88' lang='lat' dir='ltr'>librum</span> <span class='ocrx_word' id='word_1_239' title='bbox 909 683 1036 700; x_wconf 83' lang='lat' dir='ltr'>Sententiarum</span> <span class='ocrx_word' id='word_1_240' title='bbox 1043 683 1096 705; x_wconf 75' lang='lat' dir='ltr'>legere</span> 
     </span>
     <span class='ocr_line' id='line_1_21' title="bbox 179 715 1095 738; baseline 0.001 -7"><span class='ocrx_word' id='word_1_241' title='bbox 179 715 250 732; x_wconf 91' lang='lat' dir='ltr'>valeant</span> <span class='ocrx_word' id='word_1_242' title='bbox 264 715 283 731; x_wconf 91' lang='lat' dir='ltr'>in</span> <span class='ocrx_word' id='word_1_243' title='bbox 296 715 395 731; x_wconf 85' lang='lat' dir='ltr'>Parisiensi</span> <span class='ocrx_word' id='word_1_244' title='bbox 410 715 471 732; x_wconf 77' lang='lat' dir='ltr'>studio</span> <span class='ocrx_word' id='word_1_245' title='bbox 484 715 580 737; x_wconf 67' lang='lat' dir='ltr'>prelibato,</span> <span class='ocrx_word' id='word_1_246' title='bbox 595 718 613 731; x_wconf 89' lang='lat' dir='ltr'>et</span> <span class='ocrx_word' id='word_1_247' title='bbox 626 715 674 737; x_wconf 83' lang='lat' dir='ltr'>quod</span> <span class='ocrx_word' id='word_1_248' title='bbox 689 715 707 731; x_wconf 86' lang='lat' dir='ltr'>in</span> <span class='ocrx_word' id='word_1_249' title='bbox 721 715 785 732; x_wconf 84' lang='lat' dir='ltr'>eodem</span> <span class='ocrx_word' id='word_1_250' title='bbox 799 715 897 732; x_wconf 84' lang='lat' dir='ltr'>Parisiensi</span> <span class='ocrx_word' id='word_1_251' title='bbox 915 719 932 732; x_wconf 92' lang='lat' dir='ltr'>et</span> <span class='ocrx_word' id='word_1_252' title='bbox 945 721 1052 738; x_wconf 76' lang='lat' dir='ltr'>quocumque</span> <span class='ocrx_word' id='word_1_253' title='bbox 1066 716 1095 732; x_wconf 78' lang='lat' dir='ltr'>alio</span> 
     </span>
     <span class='ocr_line' id='line_1_22' title="bbox 180 747 1096 771; baseline 0 -7"><span class='ocrx_word' id='word_1_254' title='bbox 180 748 247 768; x_wconf 85' lang='lat' dir='ltr'>studio,</span> <span class='ocrx_word' id='word_1_255' title='bbox 258 748 277 764; x_wconf 92' lang='lat' dir='ltr'>in</span> <span class='ocrx_word' id='word_1_256' title='bbox 287 753 324 770; x_wconf 80' lang='lat' dir='ltr'>quo</span> <span class='ocrx_word' id='word_1_257' title='bbox 334 747 355 764; x_wconf 81' lang='lat' dir='ltr'>ad</span> <span class='ocrx_word' id='word_1_258' title='bbox 366 747 490 770; x_wconf 80' lang='lat' dir='ltr'>magisterium</span> <span class='ocrx_word' id='word_1_259' title='bbox 501 749 520 764; x_wconf 91' lang='lat' dir='ltr'>in</span> <span class='ocrx_word' id='word_1_260' title='bbox 530 747 621 771; x_wconf 82' lang='lat' dir='ltr'>theologia</span> <span class='ocrx_word' id='word_1_261' title='bbox 631 748 671 771; x_wconf 73' lang='lat' dir='ltr'>ipsa</span> <span class='ocrx_word' id='word_1_262' title='bbox 680 747 753 764; x_wconf 85' lang='lat' dir='ltr'>licentia</span> <span class='ocrx_word' id='word_1_263' title='bbox 761 748 800 764; x_wconf 88' lang='lat' dir='ltr'>dari</span> <span class='ocrx_word' id='word_1_264' title='bbox 808 749 928 769; x_wconf 68' lang='lat' dir='ltr'>consueverit,</span> <span class='ocrx_word' id='word_1_265' title='bbox 936 754 975 765; x_wconf 84' lang='lat' dir='ltr'>curn</span> <span class='ocrx_word' id='word_1_266' title='bbox 983 748 1032 771; x_wconf 79' lang='lat' dir='ltr'>digni</span> <span class='ocrx_word' id='word_1_267' title='bbox 1039 748 1096 771; x_wconf 79' lang='lat' dir='ltr'>reperti</span> 
     </span>
     <span class='ocr_line' id='line_1_23' title="bbox 180 780 1096 804; baseline 0.001 -7"><span class='ocrx_word' id='word_1_268' title='bbox 180 781 202 798; x_wconf 73' lang='lat' dir='ltr'>ad</span> <span class='ocrx_word' id='word_1_269' title='bbox 212 781 246 797; x_wconf 86' lang='lat' dir='ltr'>hoc</span> <span class='ocrx_word' id='word_1_270' title='bbox 257 780 355 801; x_wconf 73' lang='lat' dir='ltr'>extiterint,</span> <span class='ocrx_word' id='word_1_271' title='bbox 365 781 387 798; x_wconf 84' lang='lat' dir='ltr'>ad</span> <span class='ocrx_word' id='word_1_272' title='bbox 398 781 523 804; x_wconf 77' lang='lat' dir='ltr'>magisterium</span> <span class='ocrx_word' id='word_1_273' title='bbox 534 784 552 797; x_wconf 96' lang='lat' dir='ltr'>et</span> <span class='ocrx_word' id='word_1_274' title='bbox 561 781 674 798; x_wconf 86' lang='lat' dir='ltr'>doctoratum</span> <span class='ocrx_word' id='word_1_275' title='bbox 684 781 702 797; x_wconf 93' lang='lat' dir='ltr'>in</span> <span class='ocrx_word' id='word_1_276' title='bbox 713 781 760 798; x_wconf 81' lang='lat' dir='ltr'>dicta</span> <span class='ocrx_word' id='word_1_277' title='bbox 771 781 872 804; x_wconf 75' lang='lat' dir='ltr'>theologia;</span> <span class='ocrx_word' id='word_1_278' title='bbox 880 784 897 798; x_wconf 88' lang='lat' dir='ltr'>et</span> <span class='ocrx_word' id='word_1_279' title='bbox 904 781 1029 798; x_wconf 81' lang='lat' dir='ltr'>nichilominus</span> <span class='ocrx_word' id='word_1_280' title='bbox 1035 782 1055 798; x_wconf 84' lang='lat' dir='ltr'>ad</span> <span class='ocrx_word' id='word_1_281' title='bbox 1062 781 1096 798; x_wconf 80' lang='lat' dir='ltr'>bac·</span> 
     </span>
     <span class='ocr_line' id='line_1_24' title="bbox 180 813 1097 836; baseline -0.001 -5"><span class='ocrx_word' id='word_1_282' title='bbox 180 813 291 834; x_wconf 69' lang='lat' dir='ltr'>calm-iatum,</span> <span class='ocrx_word' id='word_1_283' title='bbox 300 813 398 834; x_wconf 75' lang='lat' dir='ltr'>licentiam,</span> <span class='ocrx_word' id='word_1_284' title='bbox 409 813 542 836; x_wconf 80' lang='lat' dir='ltr'>magisterium,</span> <span class='ocrx_word' id='word_1_285' title='bbox 553 819 585 830; x_wconf 87' lang='lat' dir='ltr'>seu</span> <span class='ocrx_word' id='word_1_286' title='bbox 595 814 708 831; x_wconf 81' lang='lat' dir='ltr'>doctoratum</span> <span class='ocrx_word' id='word_1_287' title='bbox 719 817 736 830; x_wconf 83' lang='lat' dir='ltr'>et</span> <span class='ocrx_word' id='word_1_288' title='bbox 746 813 833 831; x_wconf 77' lang='lat' dir='ltr'>lecturam</span> <span class='ocrx_word' id='word_1_289' title='bbox 842 814 889 836; x_wconf 86' lang='lat' dir='ltr'>juris</span> <span class='ocrx_word' id='word_1_290' title='bbox 902 814 982 831; x_wconf 78' lang='lat' dir='ltr'>canonici</span> <span class='ocrx_word' id='word_1_291' title='bbox 996 814 1031 831; x_wconf 84' lang='lat' dir='ltr'>sive</span> <span class='ocrx_word' id='word_1_292' title='bbox 1043 814 1097 831; x_wconf 73' lang='lat' dir='ltr'>decre-</span> 
     </span>
     <span class='ocr_line' id='line_1_25' title="bbox 181 846 1097 869; baseline 0 -6"><span class='ocrx_word' id='word_1_293' title='bbox 181 850 239 863; x_wconf 88' lang='lat' dir='ltr'>torum</span> <span class='ocrx_word' id='word_1_294' title='bbox 249 846 268 863; x_wconf 83' lang='lat' dir='ltr'>in</span> <span class='ocrx_word' id='word_1_295' title='bbox 279 846 343 863; x_wconf 80' lang='lat' dir='ltr'>eodem</span> <span class='ocrx_word' id='word_1_296' title='bbox 354 846 459 867; x_wconf 79' lang='lat' dir='ltr'>Parisiensi,</span> <span class='ocrx_word' id='word_1_297' title='bbox 470 849 489 863; x_wconf 86' lang='lat' dir='ltr'>et</span> <span class='ocrx_word' id='word_1_298' title='bbox 498 846 580 869; x_wconf 80' lang='lat' dir='ltr'>quolibet</span> <span class='ocrx_word' id='word_1_299' title='bbox 589 846 624 863; x_wconf 79' lang='lat' dir='ltr'>alio</span> <span class='ocrx_word' id='word_1_300' title='bbox 635 846 702 867; x_wconf 77' lang='lat' dir='ltr'>studio,</span> <span class='ocrx_word' id='word_1_301' title='bbox 714 846 732 863; x_wconf 86' lang='lat' dir='ltr'>in</span> <span class='ocrx_word' id='word_1_302' title='bbox 740 852 796 869; x_wconf 70' lang='lat' dir='ltr'>cappa</span> <span class='ocrx_word' id='word_1_303' title='bbox 805 852 837 863; x_wconf 80' lang='lat' dir='ltr'>sue</span> <span class='ocrx_word' id='word_1_304' title='bbox 845 846 929 869; x_wconf 81' lang='lat' dir='ltr'>religioni</span> <span class='ocrx_word' id='word_1_305' title='bbox 937 846 1046 869; x_wconf 74' lang='lat' dir='ltr'>congruenti,</span> <span class='ocrx_word' id='word_1_306' title='bbox 1053 847 1097 863; x_wconf 85' lang='lat' dir='ltr'>dum-</span> 
     </span>
     <span class='ocr_line' id='line_1_26' title="bbox 180 879 1097 902; baseline 0 -7"><span class='ocrx_word' id='word_1_307' title='bbox 180 879 234 896; x_wconf 85' lang='lat' dir='ltr'>modo</span> <span class='ocrx_word' id='word_1_308' title='bbox 245 879 357 896; x_wconf 85' lang='lat' dir='ltr'>sufficientes</span> <span class='ocrx_word' id='word_1_309' title='bbox 367 882 385 896; x_wconf 86' lang='lat' dir='ltr'>et</span> <span class='ocrx_word' id='word_1_310' title='bbox 394 879 461 901; x_wconf 85' lang='lat' dir='ltr'>ydonei</span> <span class='ocrx_word' id='word_1_311' title='bbox 471 879 548 898; x_wconf 80' lang='lat' dir='ltr'>suerint;</span> <span class='ocrx_word' id='word_1_312' title='bbox 559 885 579 895; x_wconf 80' lang='lat' dir='ltr'>ac</span> <span class='ocrx_word' id='word_1_313' title='bbox 589 879 616 895; x_wconf 88' lang='lat' dir='ltr'>illi</span> <span class='ocrx_word' id='word_1_314' title='bbox 626 879 657 901; x_wconf 85' lang='lat' dir='ltr'>qui</span> <span class='ocrx_word' id='word_1_315' title='bbox 667 879 690 896; x_wconf 77' lang='lat' dir='ltr'>ad</span> <span class='ocrx_word' id='word_1_316' title='bbox 700 879 838 896; x_wconf 82' lang='lat' dir='ltr'>haccalariatum</span> <span class='ocrx_word' id='word_1_317' title='bbox 849 882 867 895; x_wconf 86' lang='lat' dir='ltr'>et</span> <span class='ocrx_word' id='word_1_318' title='bbox 876 879 897 895; x_wconf 76' lang='lat' dir='ltr'>ad</span> <span class='ocrx_word' id='word_1_319' title='bbox 905 879 999 902; x_wconf 77' lang='lat' dir='ltr'>legendum</span> <span class='ocrx_word' id='word_1_320' title='bbox 1009 879 1097 896; x_wconf 67' lang='lat' dir='ltr'>decretales</span> 
     </span>
     <span class='ocr_line' id='line_1_27' title="bbox 180 911 1097 934; baseline 0 -6"><span class='ocrx_word' id='word_1_321' title='bbox 180 912 205 928; x_wconf 88' lang='lat' dir='ltr'>ibi</span> <span class='ocrx_word' id='word_1_322' title='bbox 216 912 284 928; x_wconf 84' lang='lat' dir='ltr'>assumi</span> <span class='ocrx_word' id='word_1_323' title='bbox 293 912 391 932; x_wconf 86' lang='lat' dir='ltr'>voluerint,</span> <span class='ocrx_word' id='word_1_324' title='bbox 402 915 420 928; x_wconf 90' lang='lat' dir='ltr'>et</span> <span class='ocrx_word' id='word_1_325' title='bbox 430 912 448 928; x_wconf 91' lang='lat' dir='ltr'>in</span> <span class='ocrx_word' id='word_1_326' title='bbox 458 912 499 934; x_wconf 88' lang='lat' dir='ltr'>ipso</span> <span class='ocrx_word' id='word_1_327' title='bbox 513 912 610 929; x_wconf 84' lang='lat' dir='ltr'>Parisieusi</span> <span class='ocrx_word' id='word_1_328' title='bbox 621 912 650 929; x_wconf 90' lang='lat' dir='ltr'>vel</span> <span class='ocrx_word' id='word_1_329' title='bbox 663 912 728 934; x_wconf 85' lang='lat' dir='ltr'>quovis</span> <span class='ocrx_word' id='word_1_330' title='bbox 739 912 774 928; x_wconf 80' lang='lat' dir='ltr'>alio</span> <span class='ocrx_word' id='word_1_331' title='bbox 788 911 871 934; x_wconf 79' lang='lat' dir='ltr'>generali</span> <span class='ocrx_word' id='word_1_332' title='bbox 885 912 944 928; x_wconf 82' lang='lat' dir='ltr'>studio</span> <span class='ocrx_word' id='word_1_333' title='bbox 958 911 1054 928; x_wconf 81' lang='lat' dir='ltr'>audiverint</span> <span class='ocrx_word' id='word_1_334' title='bbox 1062 912 1097 934; x_wconf 80' lang='lat' dir='ltr'>jura</span> 
     </span>
     <span class='ocr_line' id='line_1_28' title="bbox 180 944 1097 967; baseline -0.001 -6"><span class='ocrx_word' id='word_1_335' title='bbox 180 944 266 961; x_wconf 80' lang='lat' dir='ltr'>canonica</span> <span class='ocrx_word' id='word_1_336' title='bbox 277 950 310 967; x_wconf 91' lang='lat' dir='ltr'>per</span> <span class='ocrx_word' id='word_1_337' title='bbox 320 950 352 961; x_wconf 87' lang='lat' dir='ltr'>sex</span> <span class='ocrx_word' id='word_1_338' title='bbox 362 950 425 965; x_wconf 81' lang='lat' dir='ltr'>annos,</span> <span class='ocrx_word' id='word_1_339' title='bbox 437 945 459 961; x_wconf 87' lang='lat' dir='ltr'>de</span> <span class='ocrx_word' id='word_1_340' title='bbox 470 944 538 967; x_wconf 79' lang='lat' dir='ltr'>quibus</span> <span class='ocrx_word' id='word_1_341' title='bbox 548 950 580 966; x_wconf 86' lang='lat' dir='ltr'>per</span> <span class='ocrx_word' id='word_1_342' title='bbox 590 947 627 961; x_wconf 77' lang='lat' dir='ltr'>tres</span> <span class='ocrx_word' id='word_1_343' title='bbox 637 950 695 961; x_wconf 82' lang='lat' dir='ltr'>annos</span> <span class='ocrx_word' id='word_1_344' title='bbox 705 944 727 961; x_wconf 81' lang='lat' dir='ltr'>ad</span> <span class='ocrx_word' id='word_1_345' title='bbox 738 944 799 961; x_wconf 88' lang='lat' dir='ltr'>minus</span> <span class='ocrx_word' id='word_1_346' title='bbox 809 944 910 961; x_wconf 84' lang='lat' dir='ltr'>audiverint</span> <span class='ocrx_word' id='word_1_347' title='bbox 923 944 1018 965; x_wconf 81' lang='lat' dir='ltr'>decretum,</span> <span class='ocrx_word' id='word_1_348' title='bbox 1028 950 1059 960; x_wconf 86' lang='lat' dir='ltr'>nec</span> <span class='ocrx_word' id='word_1_349' title='bbox 1067 950 1097 961; x_wconf 85' lang='lat' dir='ltr'>non</span> 
     </span>
     <span class='ocr_line' id='line_1_29' title="bbox 180 976 1098 1000; baseline 0 -7"><span class='ocrx_word' id='word_1_350' title='bbox 180 977 206 993; x_wconf 86' lang='lat' dir='ltr'>illi</span> <span class='ocrx_word' id='word_1_351' title='bbox 218 977 248 999; x_wconf 84' lang='lat' dir='ltr'>qui</span> <span class='ocrx_word' id='word_1_352' title='bbox 258 977 280 993; x_wconf 91' lang='lat' dir='ltr'>ad</span> <span class='ocrx_word' id='word_1_353' title='bbox 291 977 415 1000; x_wconf 83' lang='lat' dir='ltr'>magisterium</span> <span class='ocrx_word' id='word_1_354' title='bbox 430 977 449 993; x_wconf 88' lang='lat' dir='ltr'>in</span> <span class='ocrx_word' id='word_1_355' title='bbox 462 977 542 994; x_wconf 85' lang='lat' dir='ltr'>decretis</span> <span class='ocrx_word' id='word_1_356' title='bbox 554 977 583 993; x_wconf 89' lang='lat' dir='ltr'>vel</span> <span class='ocrx_word' id='word_1_357' title='bbox 595 977 617 993; x_wconf 80' lang='lat' dir='ltr'>ad</span> <span class='ocrx_word' id='word_1_358' title='bbox 631 977 718 994; x_wconf 76' lang='lat' dir='ltr'>lecturam</span> <span class='ocrx_word' id='word_1_359' title='bbox 728 977 843 994; x_wconf 86' lang='lat' dir='ltr'>decretorum</span> <span class='ocrx_word' id='word_1_360' title='bbox 854 977 921 993; x_wconf 82' lang='lat' dir='ltr'>assumi</span> <span class='ocrx_word' id='word_1_361' title='bbox 934 976 1022 993; x_wconf 82' lang='lat' dir='ltr'>voluerint</span> <span class='ocrx_word' id='word_1_362' title='bbox 1035 977 1051 993; x_wconf 88' lang='lat' dir='ltr'>in</span> <span class='ocrx_word' id='word_1_363' title='bbox 1064 983 1098 999; x_wconf 86' lang='lat' dir='ltr'>pre—</span> 
     </span>
     <span class='ocr_line' id='line_1_30' title="bbox 180 1009 1098 1032; baseline 0 -6"><span class='ocrx_word' id='word_1_364' title='bbox 180 1010 216 1026; x_wconf 80' lang='lat' dir='ltr'>fato</span> <span class='ocrx_word' id='word_1_365' title='bbox 225 1009 325 1026; x_wconf 83' lang='lat' dir='ltr'>Parisiensi</span> <span class='ocrx_word' id='word_1_366' title='bbox 336 1010 403 1030; x_wconf 81' lang='lat' dir='ltr'>studio,</span> <span class='ocrx_word' id='word_1_367' title='bbox 415 1013 433 1026; x_wconf 92' lang='lat' dir='ltr'>et</span> <span class='ocrx_word' id='word_1_368' title='bbox 442 1010 468 1026; x_wconf 90' lang='lat' dir='ltr'>ibi</span> <span class='ocrx_word' id='word_1_369' title='bbox 478 1010 507 1026; x_wconf 84' lang='lat' dir='ltr'>vel</span> <span class='ocrx_word' id='word_1_370' title='bbox 517 1010 536 1026; x_wconf 93' lang='lat' dir='ltr'>in</span> <span class='ocrx_word' id='word_1_371' title='bbox 546 1009 580 1026; x_wconf 80' lang='lat' dir='ltr'>alio</span> <span class='ocrx_word' id='word_1_372' title='bbox 590 1010 672 1032; x_wconf 76' lang='lat' dir='ltr'>generali</span> <span class='ocrx_word' id='word_1_373' title='bbox 682 1010 743 1027; x_wconf 84' lang='lat' dir='ltr'>studio</span> <span class='ocrx_word' id='word_1_374' title='bbox 751 1010 792 1032; x_wconf 90' lang='lat' dir='ltr'>jura</span> <span class='ocrx_word' id='word_1_375' title='bbox 803 1009 888 1026; x_wconf 80' lang='lat' dir='ltr'>canoniea</span> <span class='ocrx_word' id='word_1_376' title='bbox 898 1013 917 1026; x_wconf 92' lang='lat' dir='ltr'>ut</span> <span class='ocrx_word' id='word_1_377' title='bbox 927 1009 1022 1026; x_wconf 74' lang='lat' dir='ltr'>baccalarei</span> <span class='ocrx_word' id='word_1_378' title='bbox 1031 1009 1098 1032; x_wconf 75' lang='lat' dir='ltr'>legerint</span> 
     </span>
     <span class='ocr_line' id='line_1_31' title="bbox 181 1042 1098 1065; baseline -0.001 -6"><span class='ocrx_word' id='word_1_379' title='bbox 181 1048 213 1064; x_wconf 83' lang='lat' dir='ltr'>per</span> <span class='ocrx_word' id='word_1_380' title='bbox 223 1042 304 1064; x_wconf 81' lang='lat' dir='ltr'>quinque</span> <span class='ocrx_word' id='word_1_381' title='bbox 315 1048 379 1063; x_wconf 85' lang='lat' dir='ltr'>annos,</span> <span class='ocrx_word' id='word_1_382' title='bbox 390 1045 408 1059; x_wconf 89' lang='lat' dir='ltr'>et</span> <span class='ocrx_word' id='word_1_383' title='bbox 418 1042 440 1059; x_wconf 87' lang='lat' dir='ltr'>de</span> <span class='ocrx_word' id='word_1_384' title='bbox 451 1042 485 1059; x_wconf 86' lang='lat' dir='ltr'>hoe</span> <span class='ocrx_word' id='word_1_385' title='bbox 496 1043 555 1065; x_wconf 84' lang='lat' dir='ltr'>primo</span> <span class='ocrx_word' id='word_1_386' title='bbox 563 1042 616 1059; x_wconf 80' lang='lat' dir='ltr'>fidem</span> <span class='ocrx_word' id='word_1_387' title='bbox 625 1042 702 1059; x_wconf 77' lang='lat' dir='ltr'>fecerint</span> <span class='ocrx_word' id='word_1_388' title='bbox 710 1048 742 1065; x_wconf 89' lang='lat' dir='ltr'>per</span> <span class='ocrx_word' id='word_1_389' title='bbox 749 1048 813 1059; x_wconf 84' lang='lat' dir='ltr'>eorum</span> <span class='ocrx_word' id='word_1_390' title='bbox 822 1042 913 1065; x_wconf 81' lang='lat' dir='ltr'>proprium</span> <span class='ocrx_word' id='word_1_391' title='bbox 924 1045 942 1059; x_wconf 85' lang='lat' dir='ltr'>et</span> <span class='ocrx_word' id='word_1_392' title='bbox 952 1042 1026 1058; x_wconf 83' lang='lat' dir='ltr'>duorum</span> <span class='ocrx_word' id='word_1_393' title='bbox 1032 1042 1098 1058; x_wconf 77' lang='lat' dir='ltr'>aliorum</span> 
     </span>
     <span class='ocr_line' id='line_1_32' title="bbox 178 1074 1099 1097; baseline 0 -6"><span class='ocrx_word' id='word_1_394' title='bbox 178 1075 384 1097; x_wconf 82' lang='lat' dir='ltr'>juramentum,absque</span> <span class='ocrx_word' id='word_1_395' title='bbox 392 1074 480 1092; x_wconf 75' lang='lat' dir='ltr'>dilatione</span> <span class='ocrx_word' id='word_1_396' title='bbox 488 1078 506 1092; x_wconf 86' lang='lat' dir='ltr'>et</span> <span class='ocrx_word' id='word_1_397' title='bbox 516 1074 620 1092; x_wconf 77' lang='lat' dir='ltr'>difficultate</span> <span class='ocrx_word' id='word_1_398' title='bbox 631 1074 721 1092; x_wconf 75' lang='lat' dir='ltr'>malitiosa</span> <span class='ocrx_word' id='word_1_399' title='bbox 731 1078 749 1091; x_wconf 88' lang='lat' dir='ltr'>et</span> <span class='ocrx_word' id='word_1_400' title='bbox 757 1075 888 1097; x_wconf 86' lang='lat' dir='ltr'>impedimento</span> <span class='ocrx_word' id='word_1_401' title='bbox 900 1074 1039 1097; x_wconf 80' lang='lat' dir='ltr'>quibuscumque</span> <span class='ocrx_word' id='word_1_402' title='bbox 1050 1074 1099 1091; x_wconf 79' lang='lat' dir='ltr'>libere</span> 
     </span>
     <span class='ocr_line' id='line_1_33' title="bbox 180 1107 921 1127; baseline 0.001 -4"><span class='ocrx_word' id='word_1_403' title='bbox 180 1107 304 1127; x_wconf 71' lang='lat' dir='ltr'>admittantur,</span> <span class='ocrx_word' id='word_1_404' title='bbox 315 1107 363 1123; x_wconf 88' lang='lat' dir='ltr'>sicut</span> <span class='ocrx_word' id='word_1_405' title='bbox 372 1107 428 1124; x_wconf 86' lang='lat' dir='ltr'>ceteri</span> <span class='ocrx_word' id='word_1_406' title='bbox 438 1107 501 1124; x_wconf 83' lang='lat' dir='ltr'>clerici</span> <span class='ocrx_word' id='word_1_407' title='bbox 512 1107 604 1124; x_wconf 85' lang='lat' dir='ltr'>seculares</span> <span class='ocrx_word' id='word_1_408' title='bbox 614 1107 683 1124; x_wconf 84' lang='lat' dir='ltr'>ibidem</span> <span class='ocrx_word' id='word_1_409' title='bbox 693 1110 830 1124; x_wconf 80' lang='lat' dir='ltr'>consueverunt</span> <span class='ocrx_word' id='word_1_410' title='bbox 839 1107 907 1124; x_wconf 82' lang='lat' dir='ltr'>admitti</span> <span class='ocrx_word' id='word_1_411' title='bbox 917 1113 921 1124; x_wconf 77' lang='lat' dir='ltr'><em>z</em></span> 
     </span>
    </p>

    <p class='ocr_par' dir='ltr' id='par_1_5' title="bbox 180 1139 1099 1292">
     <span class='ocr_line' id='line_1_34' title="bbox 225 1139 1098 1162; baseline 0 -6"><span class='ocrx_word' id='word_1_412' title='bbox 225 1140 264 1156; x_wconf 85' lang='lat' dir='ltr'>Non</span> <span class='ocrx_word' id='word_1_413' title='bbox 275 1139 391 1156; x_wconf 82' lang='lat' dir='ltr'>obstantibus</span> <span class='ocrx_word' id='word_1_414' title='bbox 402 1139 549 1162; x_wconf 85' lang='lat' dir='ltr'>quibuscumque</span> <span class='ocrx_word' id='word_1_415' title='bbox 559 1140 631 1156; x_wconf 79' lang='lat' dir='ltr'>statutis</span> <span class='ocrx_word' id='word_1_416' title='bbox 641 1143 659 1156; x_wconf 96' lang='lat' dir='ltr'>et</span> <span class='ocrx_word' id='word_1_417' title='bbox 668 1140 835 1157; x_wconf 83' lang='lat' dir='ltr'>consuetudinibus</span> <span class='ocrx_word' id='word_1_418' title='bbox 845 1140 993 1156; x_wconf 80' lang='lat' dir='ltr'>monasteriorum</span> <span class='ocrx_word' id='word_1_419' title='bbox 1005 1143 1023 1156; x_wconf 91' lang='lat' dir='ltr'>et</span> <span class='ocrx_word' id='word_1_420' title='bbox 1033 1140 1098 1156; x_wconf 83' lang='lat' dir='ltr'>aliorum</span> 
     </span>
     <span class='ocr_line' id='line_1_35' title="bbox 181 1172 1099 1195; baseline 0.001 -7"><span class='ocrx_word' id='word_1_421' title='bbox 181 1172 262 1189; x_wconf 87' lang='lat' dir='ltr'>locorum</span> <span class='ocrx_word' id='word_1_422' title='bbox 273 1172 356 1194; x_wconf 88' lang='lat' dir='ltr'>ejusdem</span> <span class='ocrx_word' id='word_1_423' title='bbox 367 1172 442 1189; x_wconf 82' lang='lat' dir='ltr'>Ordinis</span> <span class='ocrx_word' id='word_1_424' title='bbox 453 1178 486 1189; x_wconf 84' lang='lat' dir='ltr'>seu</span> <span class='ocrx_word' id='word_1_425' title='bbox 497 1172 599 1194; x_wconf 81' lang='lat' dir='ltr'>religionis,</span> <span class='ocrx_word' id='word_1_426' title='bbox 610 1172 720 1189; x_wconf 82' lang='lat' dir='ltr'>Parisiensis</span> <span class='ocrx_word' id='word_1_427' title='bbox 730 1175 747 1189; x_wconf 87' lang='lat' dir='ltr'>et</span> <span class='ocrx_word' id='word_1_428' title='bbox 756 1172 834 1189; x_wconf 84' lang='lat' dir='ltr'>aliorum</span> <span class='ocrx_word' id='word_1_429' title='bbox 844 1172 944 1189; x_wconf 85' lang='lat' dir='ltr'>studiorum</span> <span class='ocrx_word' id='word_1_430' title='bbox 958 1178 1099 1195; x_wconf 83' lang='lat' dir='ltr'>quorumcumque</span> 
     </span>
     <span class='ocr_line' id='line_1_36' title="bbox 180 1204 1098 1227; baseline 0 -6"><span class='ocrx_word' id='word_1_431' title='bbox 180 1204 405 1226; x_wconf 80' lang='lat' dir='ltr'>contrariis,juramentis‚</span> <span class='ocrx_word' id='word_1_432' title='bbox 414 1204 585 1221; x_wconf 82' lang='lat' dir='ltr'>confirmationibus</span> <span class='ocrx_word' id='word_1_433' title='bbox 594 1204 707 1227; x_wconf 80' lang='lat' dir='ltr'>apostolicis,</span> <span class='ocrx_word' id='word_1_434' title='bbox 717 1207 735 1221; x_wconf 87' lang='lat' dir='ltr'>et</span> <span class='ocrx_word' id='word_1_435' title='bbox 742 1204 839 1227; x_wconf 87' lang='lat' dir='ltr'>quibusvis</span> <span class='ocrx_word' id='word_1_436' title='bbox 847 1204 960 1221; x_wconf 80' lang='lat' dir='ltr'>firmitatibus</span> <span class='ocrx_word' id='word_1_437' title='bbox 967 1204 1006 1221; x_wconf 78' lang='lat' dir='ltr'>aliis</span> <span class='ocrx_word' id='word_1_438' title='bbox 1014 1204 1098 1225; x_wconf 73' lang='lat' dir='ltr'>roboratis,</span> 
     </span>
     <span class='ocr_line' id='line_1_37' title="bbox 180 1236 1099 1259; baseline 0 -6"><span class='ocrx_word' id='word_1_439' title='bbox 180 1240 198 1253; x_wconf 92' lang='lat' dir='ltr'>et</span> <span class='ocrx_word' id='word_1_440' title='bbox 207 1236 245 1253; x_wconf 85' lang='lat' dir='ltr'>illis</span> <span class='ocrx_word' id='word_1_441' title='bbox 255 1237 351 1259; x_wconf 85' lang='lat' dir='ltr'>presertim</span> <span class='ocrx_word' id='word_1_442' title='bbox 362 1236 441 1256; x_wconf 81' lang='lat' dir='ltr'>statutis,</span> <span class='ocrx_word' id='word_1_443' title='bbox 452 1236 520 1259; x_wconf 89' lang='lat' dir='ltr'>quibus</span> <span class='ocrx_word' id='word_1_444' title='bbox 533 1236 552 1252; x_wconf 81' lang='lat' dir='ltr'>in</span> <span class='ocrx_word' id='word_1_445' title='bbox 562 1236 626 1253; x_wconf 86' lang='lat' dir='ltr'>eodem</span> <span class='ocrx_word' id='word_1_446' title='bbox 639 1236 738 1253; x_wconf 84' lang='lat' dir='ltr'>Parisiensi</span> <span class='ocrx_word' id='word_1_447' title='bbox 753 1237 815 1253; x_wconf 89' lang='lat' dir='ltr'>studio</span> <span class='ocrx_word' id='word_1_448' title='bbox 829 1237 888 1253; x_wconf 81' lang='lat' dir='ltr'>caveri</span> <span class='ocrx_word' id='word_1_449' title='bbox 902 1237 973 1258; x_wconf 86' lang='lat' dir='ltr'>dicitur,</span> <span class='ocrx_word' id='word_1_450' title='bbox 987 1237 1033 1259; x_wconf 85' lang='lat' dir='ltr'>quod</span> <span class='ocrx_word' id='word_1_451' title='bbox 1046 1237 1099 1253; x_wconf 81' lang='lat' dir='ltr'>nullus</span> 
     </span>
     <span class='ocr_line' id='line_1_38' title="bbox 181 1268 1099 1292; baseline 0 -6"><span class='ocrx_word' id='word_1_452' title='bbox 181 1269 240 1291; x_wconf 79' lang='lat' dir='ltr'>possit</span> <span class='ocrx_word' id='word_1_453' title='bbox 248 1268 312 1292; x_wconf 83' lang='lat' dir='ltr'>legere</span> <span class='ocrx_word' id='word_1_454' title='bbox 322 1274 396 1286; x_wconf 84' lang='lat' dir='ltr'>cursum</span> <span class='ocrx_word' id='word_1_455' title='bbox 406 1268 473 1290; x_wconf 76' lang='lat' dir='ltr'>Biblie,</span> <span class='ocrx_word' id='word_1_456' title='bbox 484 1269 520 1286; x_wconf 86' lang='lat' dir='ltr'>nisi</span> <span class='ocrx_word' id='word_1_457' title='bbox 530 1268 621 1286; x_wconf 83' lang='lat' dir='ltr'>studuerit</span> <span class='ocrx_word' id='word_1_458' title='bbox 631 1268 677 1286; x_wconf 81' lang='lat' dir='ltr'>inihi</span> <span class='ocrx_word' id='word_1_459' title='bbox 686 1271 756 1291; x_wconf 83' lang='lat' dir='ltr'>septem</span> <span class='ocrx_word' id='word_1_460' title='bbox 767 1269 828 1290; x_wconf 75' lang='lat' dir='ltr'>annis3</span> <span class='ocrx_word' id='word_1_461' title='bbox 840 1274 873 1286; x_wconf 80' lang='lat' dir='ltr'>nec</span> <span class='ocrx_word' id='word_1_462' title='bbox 886 1269 996 1292; x_wconf 82' lang='lat' dir='ltr'>permittatur</span> <span class='ocrx_word' id='word_1_463' title='bbox 1009 1269 1099 1287; x_wconf 81' lang='lat' dir='ltr'>Sententias</span> 
     </span>
    </p>
   </div>
   <div class='ocr_carea' id='block_1_3' title="bbox 180 1301 1099 1324">
    <p class='ocr_par' dir='ltr' id='par_1_6' title="bbox 180 1301 1099 1324">
     <span class='ocr_line' id='line_1_39' title="bbox 180 1301 1099 1324; baseline 0.002 -7"><span class='ocrx_word' id='word_1_464' title='bbox 180 1301 250 1323; x_wconf 78' lang='lat' dir='ltr'>legere,</span> <span class='ocrx_word' id='word_1_465' title='bbox 258 1301 294 1317; x_wconf 85' lang='lat' dir='ltr'>nisi</span> <span class='ocrx_word' id='word_1_466' title='bbox 305 1302 358 1318; x_wconf 83' lang='lat' dir='ltr'>etiam</span> <span class='ocrx_word' id='word_1_467' title='bbox 369 1301 414 1318; x_wconf 80' lang='lat' dir='ltr'>inihi</span> <span class='ocrx_word' id='word_1_468' title='bbox 425 1301 516 1318; x_wconf 79' lang='lat' dir='ltr'>studuerit</span> <span class='ocrx_word' id='word_1_469' title='bbox 526 1301 589 1318; x_wconf 77' lang='lat' dir='ltr'>decern</span> <span class='ocrx_word' id='word_1_470' title='bbox 597 1301 658 1322; x_wconf 77' lang='lat' dir='ltr'>annis;</span> <span class='ocrx_word' id='word_1_471' title='bbox 667 1301 753 1323; x_wconf 87' lang='lat' dir='ltr'>quodque</span> <span class='ocrx_word' id='word_1_472' title='bbox 764 1301 827 1318; x_wconf 82' lang='lat' dir='ltr'>nullus</span> <span class='ocrx_word' id='word_1_473' title='bbox 835 1307 919 1319; x_wconf 84' lang='lat' dir='ltr'>monacus</span> <span class='ocrx_word' id='word_1_474' title='bbox 925 1302 954 1318; x_wconf 88' lang='lat' dir='ltr'>vel</span> <span class='ocrx_word' id='word_1_475' title='bbox 962 1301 1054 1324; x_wconf 76' lang='lat' dir='ltr'>religiosus</span> <span class='ocrx_word' id='word_1_476' title='bbox 1060 1302 1099 1319; x_wconf 79' lang='lat' dir='ltr'>alius</span> 
     </span>
    </p>
   </div>
  </div>
 </body>
</html>
