1273 1538
190 61 234 81 1339]
381 66 405 78 AB
421 66 474 78 nmo
492 66 608 78 mcci-xxxvi
626 66 692 81 usqum
708 66 733 77 Λιι
749 66 819 78 nuum
836 65 906 78 uccen-
1077 59 1084 76 4

228 104 269 120 Item
280 104 311 120 tria
322 102 428 126 suppellicia
439 103 516 125 integra,
526 105 544 119 et
554 102 587 119 tria
596 103 651 119 fracta
660 100 773 125 suppellicia.

228 137 270 153 Item
280 139 355 159 quatuor
365 135 408 152 libri
418 135 440 151 de
450 138 503 152 cantu
514 141 546 157 pro
556 135 631 157 capella,
641 138 660 152 et
669 135 706 151 duo
716 135 798 158 quaterni
808 134 889 157 cooperti
899 133 962 150 vitulo.

228 169 269 185 Item
280 174 333 185 unum
344 171 465 190 marcapetum
475 167 542 188 debile,
554 171 572 185 et
582 174 636 184 unum
647 167 721 184 bannale
729 174 810 190 parvum.

228 228 297 244 Inventa
308 227 326 244 in
335 226 411 249 quodam
422 227 496 249 cophino
507 227 525 244 in
536 232 601 249 mag-na
609 227 663 244 archa
671 226 701 244 die
707 226 789 249 predicta
798 233 804 244 :

228 266 285 284 Primo
295 270 379 283 statutum
390 272 446 289 super
455 266 510 283 modo
520 266 616 283 electionis
626 267 767 283 examinatorum
778 267 796 284 S.
807 266 907 284 Genovese.

228 300 269 316 Item
279 299 394 321 privilegium
405 299 533 321 apostolicum,
543 305 566 316 ne
576 299 671 316 studentes
681 299 761 316 Parisius
770 299 864 316 trahantur
873 303 922 316 extra
932 299 1027 316 civitatem.

227 333 269 349 Item
279 332 394 354 privilegium
405 335 512 354 perpetuum
523 332 585 354 papale
596 338 651 354 super
661 332 751 349 taxatione
759 332 859 349 domorum<

228 365 269 382 Item
280 368 363 382 statutum
374 364 453 381 nationis
463 364 486 381 de
495 370 538 381 vera
547 365 629 387 regentia
638 365 773 387 magistrorum.

228 398 269 414 Item
280 398 394 420 privilegium
404 397 524 419 apostolieum
535 397 599 414 inutile
609 403 664 420 super
677 398 862 414 excommunicatione
877 398 900 415 de
913 398 1010 421 injectione
1024 404 1084 415 manui

190 431 265 451 violenta,
276 430 362 447 directum
373 436 421 453 mag.
432 431 536 447 Laurentio.

228 464 268 480 Item
279 466 363 480 statutum
379 463 401 479 de
412 463 474 479 missis
488 466 506 480 et
518 463 600 485 vesperis
615 463 700 480 nationis.
714 464 806 480 Transivit
818 467 900 486 tempore
913 464 1046 486 procurationis
1061 470 1084 481 inz

190 496 268 513 Bernardi
277 495 299 512 de
308 496 355 513 Villa
363 496 427 518 Campi
433 496 445 512 ¹.

227 529 268 545 Item
278 531 362 545 statutum
373 529 396 545 de
407 528 512 551 legentibus
522 529 540 545 in
550 529 597 545 aulis
607 532 656 545 extra
665 529 725 545 vicum
736 529 852 546 straminum.

227 562 268 578 Item
277 561 391 584 privilegium
400 561 521 584 apostolicum
529 567 585 584 super
592 562 682 578 taxatione
691 561 785 578 domorum
793 565 812 578 et
819 562 921 579 scolarium.
931 563 952 579 Et
960 565 988 579 est
996 565 1085 584 perpetuu

226 595 267 611 Item
281 594 397 617 privilegium
412 594 538 617 apostolieum,
554 597 574 611 ut
587 594 671 611 homines
684 595 701 611 S.
718 595 804 611 Germani
819 598 837 611 et
852 595 870 612 S.
884 595 965 612 Marcelli
977 595 1084 618 compellant

190 628 247 648 iurare,
257 627 303 643 sicut
311 627 360 644 cives
371 627 491 644 Parisienses.

226 660 267 676 Item
277 659 392 682 privilegium
403 659 523 682 apostolicum
534 663 641 682 perpetuum
651 665 707 682 super
717 660 832 677 ordinatione
843 660 898 677 studii
908 661 1016 677 Pnrisiensis
1027 664 1044 677 et
1055 666 1084 683 su}

190 695 279 712 iuramento
289 692 391 709 cancellarii
401 692 424 709 de
435 698 482 709 novo
491 692 546 709 creati
556 692 575 709 in
585 692 646 709 studio
656 693 761 714 Parisiensi‚
772 696 790 710 et
800 699 855 715 super
863 693 976 710 ordinatione
983 694 1039 710 totius
1047 697 1084 710 stu(

226 726 267 742 Item
278 725 392 748 privilegium
404 718 511 747 perpetuum
522 725 590 742 Urbani
601 731 656 748 super
666 725 802 742 contributione
812 725 899 743 facienda.

225 758 266 775 Item
276 758 392 781 privilegium
402 761 510 781 perpetuum
521 758 639 781 apostolicum
648 761 668 775 ut
678 758 724 775 nulli
733 758 815 775 officiarii
823 758 949 776 Universitatis
957 759 1030 781 possint
1037 764 1081 776 exeo

190 791 265 808 nunicari
275 797 307 813 pro
316 791 368 808 factis
378 791 514 808 Universitatis.

225 824 266 841 Item
277 824 327 846 copia
336 823 435 847 privilegii„
448 830 470 840 ne
481 823 567 841 officiales
578 824 706 841 Universitatis
716 824 788 846 possint
798 824 955 841 excommunicari.

225 857 266 873 ltem
277 857 375 873 secundum
388 856 504 879 privilegium
515 860 630 879 perpetuum,
640 860 660 873 ut.
669 857 753 874 homines
763 857 786 873 de
797 857 815 874 S.
825 857 917 874 Germano
927 863 947 874 ac
957 857 980 874 de
990 858 1009 874 S.
1022 858 1083 874 Marce

190 889 308 912 :ompellantur
315 890 377 912 jurare
388 889 436 906 sieut
446 889 495 906 cives
506 889 625 906 Parisienses.

224 923 266 939 Item
276 926 360 940 statutum
372 922 452 939 Simonis
462 922 518 945 legati
528 928 584 944 super
594 928 636 939 casu
647 922 768 944 separationis
776 919 877 940 nationum.

224 956 275 972 Itern‘
285 955 374 978 quoddam
385 955 526 972 instrumentum
537 955 666 977 obligatorium
676 955 756 972 nationis
766 961 809 978 erga
820 961 866 978 mag.
878 955 977 972 Johannem
986 955 1008 972 <Ie
1018 955 1082 973 Caumi

190 993 213 1004 tro
222 994 262 1005 casu
271 988 391 1010 separationis
401 991 462 1005 contra
474 991 511 1005 tres
522 988 605 1005 nationes
612 988 635 1004 tle
643 988 773 1010 prosequendo
780 988 847 1004 factum
855 991 873 1005 et
880 988 902 1004 de
911 988 1005 1005 reddendo
1012 994 1084 1010 expens,

223 1021 265 1038 Item
274 1021 413 1038 instrumentum
425 1020 517 1043 quomodo
528 1024 565 1037 tres
575 1020 642 1037 bedelli
652 1020 706 1037 trium
721 1020 814 1037 nationum
828 1021 963 1043 requisiverunt
973 1024 1084 1043 procurator<

190 1053 260 1074 tationis,
271 1057 290 1070 ut
299 1054 359 1070 uniret
369 1059 389 1070 se
400 1059 440 1070 cum
451 1053 492 1070 aliis
502 1053 613 1070 nationibus.

223 1087 264 1103 Item
274 1086 414 1109 compromissio
424 1086 442 1102 in
453 1086 547 1103 dominum
558 1086 650 1103 Simonem
661 1086 709 1103 tituli
720 1087 737 1103 S.
748 1086 817 1103 Cecilie
826 1086 953 1109 presbyterum
964 1086 1083 1103 cardinalem³

222 1120 264 1136 Item
274 1119 425 1142 compromissum
436 1125 493 1141 super
502 1119 580 1141 quodam
591 1119 653 1136 debito
663 1119 758 1142 cujusdam
769 1119 874 1142 incipientis
884 1125 921 1136 non
930 1119 1023 1136 licentiati⁴

223 1152 263 1168 Item
274 1151 335 1174 plures
345 1151 400 1168 rotuli
416 1151 470 1168 simul
483 1152 534 1174 ligati
544 1152 566 1168 de
576 1158 665 1174 processu
675 1155 737 1169 contra
747 1155 785 1168 tres
795 1152 885 1169 nationes.
897 1153 918 1169 Et
927 1151 1046 1168 obtinuimus.

223 1185 264 1201 Item
274 1185 345 1207 quidam
357 1184 412 1202 rotuli
422 1185 445 1201 de
455 1185 602 1201 ordinationibus
612 1188 630 1201 et
640 1185 712 1202 statutis
722 1186 807 1202 Navarre.

223 1218 264 1234 Item
274 1217 389 1240 privilegium
400 1217 520 1240 apostolicum
531 1217 630 1240 temporale
640 1217 663 1234 de
671 1218 769 1240 injectione
778 1223 862 1235 manuum
870 1217 949 1235 violenta
957 1217 1055 1234 scolarium
1064 1218 1082 1234 in

192 1256 206 1266 e.
216 1250 237 1267 Et
245 1254 272 1267 est
281 1250 344 1267 inutile
355 1250 390 1267 nisi
402 1254 506 1267 renovetur.

223 1284 264 1300 Item
274 1284 346 1305 quidam
356 1283 428 1300 articuli
438 1284 517 1300 ordinati
528 1284 550 1300 de
561 1284 615 1300 modo
625 1284 739 1300 concedendi
750 1290 782 1306 per
794 1284 934 1301 Universitatem
945 1284 964 1301 in
976 1284 1026 1301 curia
1036 1290 1085 1301 consu

190 1316 244 1332 “aton-is
253 1316 353 1336 citationes=
364 1316 482 1337 monitiones„
493 1316 636 1336 exhortationes,
646 1316 778 1339 protectiones,
789 1320 807 1333 et
817 1316 850 1333 alia
861 1317 933 1333 similia.
