1273 1538
177 38 210 55 ³58
463 42 620 55 cnmrummun
637 42 731 54 naturis<
752 42 816 54 ranis.
1044 34 1086 54 [1331

178 84 195 97 et
211 80 311 104 presentari
326 80 373 97 dicto
388 80 502 101 cancellario,
516 84 533 97 et
548 80 662 103 postmodum
677 80 716 103 ipse
731 79 849 97 cancellarius
866 79 919 96 dehet
934 84 996 97 vocare
1014 78 1087 102 singulus

179 114 276 137 magistros
286 114 332 131 dicte
342 113 431 131 facultatis
442 119 473 136 per
483 113 569 130 bidellum
579 113 637 136 ipsius
647 113 736 130 facultatis
743 113 829 136 juratum,
840 116 857 129 et
865 112 960 136 cujuslibet
967 112 1087 135 depositionem

178 147 240 165 audire
255 153 311 170 super
324 147 405 168 scientia,
421 147 456 164 vita
469 150 486 164 et
500 146 582 163 nim-ihus
596 146 746 164 licentiandorum
762 146 891 169 predictorum,
903 150 920 163 et
933 146 958 163 sic
971 151 1003 169 per
1016 145 1087 169 ipsorum

178 180 309 204 depositionem
320 180 387 203 dignos
397 180 418 197 ad
429 180 518 197 licentiam
529 179 609 196 admittet
619 183 636 197 et
644 180 720 202 repellet
730 180 825 203 indignos;

222 221 229 229 n
239 214 290 234 Item,
299 214 320 235 (3)
329 217 346 230 et
354 216 416 230 contra
424 213 475 230 aliam
487 213 636 230 consuetudinem
648 213 718 230 notorie
729 216 746 230 et
756 213 836 236 legitime
844 212 958 236 approbatam
968 212 1069 229 laudabilem
1074 216 1087 229 et

176 247 300 270 prescriptam,
311 246 397 264 videlicet
406 246 455 270 quod
465 246 488 263 de
497 246 571 263 biennio
582 246 599 263 in
610 245 703 264 biennium
712 246 797 264 duntaxat
806 246 845 270 ipse
856 246 972 264 cancellarius
981 245 1033 263 debet
1040 245 1089 263 licen-

176 281 219 297 tiare
229 280 246 297 in
257 280 298 297 loco
308 279 398 303 solempni
409 279 508 297 bacalarios
518 280 536 296 in
547 279 645 303 theologia,
655 280 734 297 decretis
744 284 761 297 et
771 280 869 300 medicina3

219 321 227 329 a
239 314 290 334 Item,
298 313 319 335 (4)
330 317 347 330 et
356 316 419 330 eontra
429 313 480 336 plura
490 313 524 330 alia
535 313 630 337 privilegia
638 317 673 330 tam
683 313 737 331 nobis
745 319 797 336 qnam
806 313 923 331 Universitati
932 313 981 331 matri
989 317 1046 330 nostre
1053 320 1089 331 con*

174 353 232 367 ressa,
241 350 258 364 et
268 350 330 363 contra
340 346 384 364 alias
393 347 453 369 justas
463 347 554 370 legitimas
564 350 581 364 et
591 347 671 364 notorias
682 347 826 364 eonsuetudines
836 350 853 364 et
863 350 927 364 statuta
938 351 997 364 nostre
1005 347 1089 366 facultatis

175 380 274 403 pluresque
287 380 384 403 magistros
399 380 447 397 dicte
462 383 524 397 nostro
538 380 628 397 facultatis
643 380 703 397 vocari
720 380 783 397 fecerit
797 383 814 397 et
829 380 897 397 eisdem
913 386 944 404 per
956 381 1051 404 juramenta
1064 386 1090 398 sua

175 413 253 436 injunxit
263 413 311 436 quod
322 413 436 437 deponerent
446 419 502 437 super
512 413 594 435 seientia,
604 413 639 431 rita
655 417 673 431 et
682 413 764 431 moribus
774 413 818 431 dieti
831 414 913 437 magistri
923 414 999 435 AUonsi,
1011 414 1050 431 licet
1061 420 1090 431 non

175 450 267 464 essetnec
281 447 304 464 sit
314 453 372 464 annus
387 453 423 470 quo
438 446 506 464 debent
520 447 558 464 dari
572 447 645 464 licentie
659 447 678 464 in
690 447 786 468 medicina=
800 447 832 464 set]
844 447 861 464 in
877 453 923 464 anno
937 448 1002 468 futuro,
1015 453 1045 465 nec
1058 448 1091 470 ipse

175 481 268 504 predictus
275 481 363 498 Alfonsus
374 481 431 498 dictas
442 481 585 498 consuetudines
596 484 613 498 et
622 484 695 502 statuta,
706 484 759 504 prout
769 484 797 497 est
807 480 846 498 fieri
857 484 970 502 consuetum,
980 481 1052 498 servavit
1064 487 1091 498 uec

175 515 226 532 etiam
235 514 347 538 adimplevit,
355 514 397 532 licet
405 514 455 538 ipsas
463 518 532 535 tenere,
541 520 613 531 servare
621 518 639 531 et
646 514 746 537 adimplere
755 520 787 537 per
795 514 853 537 ipsius
859 515 979 537 juramentum
987 515 1092 538 corporaliter

175 548 276 571 prestitum,
288 548 318 565 diu
327 551 361 569 est=
370 548 481 571 promiserit,
492 548 524 565 sed
532 551 594 565 contra
602 548 652 571 ipsas
661 547 805 565 consuetudines
816 551 832 565 et
840 551 904 565 statuta
913 548 972 565 sciens
979 548 1045 565 notorie
1052 549 1093 566 veuit

175 585 190 599 et
206 582 317 605 attemptavit
330 585 398 599 temere
412 581 512 604 perjurium
529 581 640 599 incurrendo
657 583 683 602 [se
697 581 812 604 procurando
827 587 859 598 seu
874 582 966 605 procurari
984 582 1060 599 faciendo
1075 582 1093 599 ad

175 615 239 632 dictam
249 615 342 632 licentiam
352 615 469 632 obtinendam
481 615 529 632 dicto
540 615 648 632 cancellario
659 615 759 638 presentari
765 615 783 636 ⁸],
792 619 903 638 quapropter
914 621 946 638 per
954 615 1017 633 dictam
1025 619 1093 633 nostram

174 649 276 666 facultatem
292 649 377 672 perjurus
392 652 409 665 et
423 648 495 666 infamis
510 649 574 666 merito
591 652 691 672 reputatus,
704 655 737 672 pro
752 648 782 666 tali
797 648 889 672 deponere
905 655 940 666 non
957 649 1043 666 debebam
1053 649 1094 666 salra

174 683 286 700 conscientia
296 688 356 706 neque
366 685 453 706 possunt3

219 724 227 732 κ
239 717 278 739 Que
294 716 354 734 omnia
368 719 386 733 et
395 716 468 740 singula
479 716 568 740 premissa
577 716 620 733 licet
631 717 701 734 notoria
712 722 745 740 per
757 716 880 734 venerabilem
894 716 997 740 magistrum
1007 716 1094 734 Johanuetu

173 751 217 774 Pipe
228 754 246 767 et
255 750 318 774 plures
328 750 374 767 alios
385 750 432 767 dicte
443 750 533 767 facultatis
546 754 608 767 nostre
620 750 719 774 magistros
732 751 754 767 ad
767 750 801 767 hoe
815 751 910 774 deputatos
923 756 954 774 per
967 754 1042 768 nostram
1049 750 1095 767 facul-

175 788 235 805 tatem,
253 785 302 802 dicto
319 784 393 802 domino
410 784 519 801 cancellario
534 784 633 801 Parisiensi
649 784 702 801 etiam
718 785 740 801 ad
755 784 842 801 cautelam
858 784 936 802 intimari
950 784 1029 805 fecimus,
1046 784 1096 802 eidem

175 818 269 836 humiliter
279 818 399 842 supplicando
410 821 500 841 quatenus
510 822 572 835 eontra
582 818 727 835 consuetudines
738 818 829 841 predictus
842 822 877 836 tarn
890 818 989 835 laudabiles
1002 821 1018 835 et
1031 818 1096 835 rationa-

176 852 223 869 biles
233 856 251 869 et
262 855 327 869 statuta
340 858 376 869 non
389 851 444 868 vellet
455 855 562 875 attemptare
572 851 647 875 aliquid=
661 852 695 869 sed
704 852 754 875 ipsas
764 852 870 873 defendere,
884 852 950 869 servari
964 855 981 869 et
990 852 1034 869 tueri
1043 852 1096 875 digna-

177 889 227 902 retur
239 889 293 909 prout
303 886 325 902 ad
335 885 369 902 hoc
380 885 484 906 tenebatur3
496 885 526 908 qui
537 885 596 902 dictus
607 885 727 902 cancellarius
737 885 797 902 eidem
808 885 902 908 respondit
912 885 960 908 quod
968 891 1012 902 anno
1022 885 1096 908 preterito

164 943 166 947 Ι
178 919 201 936 ob
211 919 334 936 reverenciam
345 919 388 941 (imo
403 919 464 942 potius
478 919 568 936 infamiam
582 923 600 936 et
614 919 764 942 destructionem)
779 919 826 937 dicte
841 919 930 936 facultatis
944 922 1011 942 septem
1023 919 1097 943 indignos

164 956 167 967 t
178 953 278 970 bacalarios
288 953 307 970 in
317 953 401 970 facultate
414 952 504 970 medicine
514 952 655 973 licentiaverav,
666 957 684 970 et
694 953 761 970 dictum
771 953 878 976 magistrum
889 952 1000 976 Alphonsum
1010 952 1098 970 lieentiarel

164 981 167 985 Δ
177 990 193 1003 Μ
205 987 349 1004 consuetudines
359 990 432 1004 nostras
442 986 534 1010 predictas
544 987 638 1009 frangeret
646 990 664 1004 et
674 986 785 1007 annnllaret3

223 1028 231 1035 «ι
243 1020 280 1037 Nos
292 1026 336 1037 vero
349 1020 464 1037 attendentes
474 1020 578 1043 gravamina
589 1020 670 1043 predicta
684 1026 716 1043 per
729 1020 788 1043 ipsum
801 1020 928 1037 carieellarium
941 1020 993 1038 nobis
1005 1023 1021 1037 et
1032 1020 1098 1037 facultati

178 1056 240 1070 nostre
251 1053 333 1076 predicte
343 1053 392 1070 illata
403 1057 420 1070 et
430 1053 483 1070 etium
494 1054 610 1075 comminata,
623 1054 720 1076 presertim
731 1060 772 1071 cnm
785 1054 850 1071 dietam
863 1053 953 1071 licentiam
966 1053 1042 1077 indignis
1052 1053 1099 1071 conii-

178 1090 236 1104 teatnr
246 1093 266 1103 se
280 1087 354 1104 dedisse
364 1087 387 1104 de
397 1087 451 1108 sacto,
463 1087 481 1104 in
491 1093 576 1110 inagnum
588 1087 689 1110 reipublice
700 1091 837 1109 nocumentum,
847 1090 864 1104 et
875 1087 892 1104 in
903 1087 961 1104 anime
971 1093 1003 1105 sue
1013 1087 1099 1110 periculum

179 1127 199 1137 an·
214 1120 319 1137 scandalum
336 1124 398 1137 nostre
417 1120 508 1137 facultatis
523 1126 555 1137 seu
571 1120 700 1144 prejudicium,
716 1126 749 1138 nec
764 1124 825 1144 potest
838 1121 930 1138 informari
947 1126 1004 1143 neque
1020 1120 1069 1138 debet
1082 1121 1101 1138 de

181 1154 256 1171 scicntia
266 1153 309 1171 dicti
320 1153 411 1177 Alphonsi
421 1154 457 1171 nisi
467 1159 500 1177 per
510 1153 608 1177 magistros
622 1158 685 1171 nostre
700 1154 790 1171 simultatis
804 1154 834 1177 qui
849 1154 942 1177 deponere
955 1160 986 1177 pro
1000 1154 1059 1171 eodem
1072 1161 1101 1171 nou

180 1191 258 1210 possunt
268 1193 301 1204 nec
312 1191 404 1208 tenentur,
415 1190 452 1204 tuin
463 1193 485 1204 ex
495 1193 517 1204 eo
528 1187 570 1211 quin
580 1188 665 1210 perjurus
676 1191 711 1209 est,
722 1191 741 1204 ut
751 1188 848 1211 prefertur,
859 1191 897 1205 tum
905 1188 956 1205 etiam
964 1188 1004 1210 quia
1011 1187 1065 1210 ipsum
1072 1194 1102 1205 non

179 1221 335 1242 examinaverunt,
346 1224 383 1238 tuin
394 1221 448 1238 etiam
458 1221 501 1244 quia
511 1224 577 1238 statuta
588 1224 605 1238 et
615 1221 761 1238 consuetudines
774 1221 824 1244 ipsas
838 1227 874 1238 non
887 1221 965 1239 servarit
977 1227 1009 1239 nec
1020 1221 1051 1238 alia
1062 1227 1102 1239 cotu-

179 1255 241 1278 plerit,
253 1261 289 1278 que
299 1255 371 1272 notorie
382 1257 467 1271 tenentur
477 1255 537 1271 facere
551 1258 568 1271 et
579 1260 652 1272 servare
663 1254 747 1271 hat-alarii
760 1254 778 1271 in
791 1255 881 1272 medicina
891 1254 1000 1276 licemiandi,
1014 1258 1048 1272 unu
1059 1255 1102 1272 etiam

179 1289 220 1312 quia
232 1295 264 1312 per
275 1292 355 1306 nostram
366 1289 469 1306 facultatem
480 1295 517 1306 non
527 1288 582 1306 fuerit
592 1288 641 1305 dicto
651 1288 761 1306 cancellario
772 1292 893 1312 presentatus,
905 1292 942 1306 tntu
952 1289 1002 1306 etiam
1016 1289 1054 1312 quia
1064 1295 1103 1306 anno

180 1323 222 1341 isto,
233 1322 305 1340 scilicet
315 1328 362 1339 anno
373 1322 447 1339 Domini
457 1322 556 1339 millesimo
565 1322 619 1339 CCC⁰
627 1322 721 1339 tricesimo
729 1322 838 1343 [secuudum
850 1328 924 1343 morem,
934 1328 984 1339 usum
995 1325 1012 1339 et
1021 1327 1104 1340 cousuetu-
