1273 1538
169 36 191 53 76
459 42 618 55 cuim-rumimunt
634 44 730 56 umvens.
749 44 813 56 mnis,
1052 36 1099 55 [1297

170 84 218 96 anno
232 79 296 101 tercio,
311 79 330 96 in
346 80 437 103 presentia
450 81 486 97 mei
501 81 573 102 nomrii,
589 84 606 98 et
621 81 694 98 testium
707 81 858 104 subscriptorum,
873 81 963 98 discretus
976 80 1003 97 vir
1016 80 1100 103 magister

170 111 263 129 Iohannes
278 113 300 130 de
315 113 391 135 Huni-le,
406 117 449 130 tunc
464 117 524 130 rector
542 114 666 131 universitatis
681 114 809 137 magistrorum
824 117 842 130 et
854 114 951 131 scolarium
965 113 1099 135 Parisiensium,

171 146 271 163 venerabili
286 150 304 163 et
318 147 397 164 discreto
412 147 451 164 viro
468 147 543 164 domino
559 147 650 170 Philippo,
665 147 792 164 archidiacono
810 147 851 164 Brie
868 147 886 163 in
904 146 980 163 ecclesia
997 146 1099 168 parisiensi,

171 179 242 197 doctori
256 183 273 197 et
286 183 326 197 actu
340 180 411 204 regenti
423 180 504 197 Parisius
517 186 537 197 ac
551 180 619 197 decano
631 180 650 197 in
663 180 765 203 theologica
777 180 868 201 facultate,
881 178 925 197 dixit
939 183 957 197 et
968 179 1060 196 nunciavit
1069 185 1099 197 seu

171 213 276 235 insinuavit,
287 214 336 237 quod
349 213 449 237 expediens
461 216 500 230 erat
512 213 541 230 die
553 213 637 234 crastina,
651 213 694 230 hora
707 213 768 234 tei-eia,
782 213 829 236 apud
842 213 859 230 S.
873 213 989 234 Maturinum,
1002 218 1100 235 congrega-

170 246 238 264 tionem
248 247 311 264 haberi
321 246 432 270 generalem,
441 249 459 263 et
468 246 517 269 quod
528 246 595 263 ibidem
606 246 654 263 idein
664 246 744 263 decanus
753 250 826 264 vocaret
836 246 933 270 magistros
943 246 990 263 dicte
1000 246 1100 269 theologice

169 279 260 297 facultatis
274 286 307 303 pro
322 279 430 303 quibusdum
446 279 502 296 certis
515 279 596 296 articulis
609 279 655 296 inibi
668 280 805 302 pertractandis,
819 279 904 297 videlicet
918 286 951 303 pro
966 279 1057 296 discordia
1068 285 1099 297 seu

170 313 287 330 contentione
304 319 357 335 quam
375 312 447 329 dicebat
466 318 508 329 esse
527 313 575 329 inter
593 313 695 329 facultatem
712 312 792 329 eamdem
810 319 832 329 ex
848 316 898 335 parte
913 318 954 333 una„
969 316 987 329 et
1000 313 1098 330 fucultatem

170 346 272 363 artismrum
283 351 305 362 ex
315 345 378 367 altera,
388 351 421 368 pro
433 346 491 368 platea
504 346 521 362 S.
532 345 618 362 Germani
630 345 652 362 cle
665 346 729 366 Pratis,
740 349 758 362 et
769 346 810 362 aliis
822 345 931 368 urgentibus
940 345 1023 368 negociis
1033 346 1100 362 incum-

171 379 255 396 bentibus
265 378 312 395 dicte
325 378 443 395 Universimi
455 379 527 395 tractari
539 378 614 399 ibidem,
625 384 660 401 que
670 378 719 395 dicto
732 378 858 395 archidiacono
869 378 916 395 idem
930 382 989 395 rector
998 378 1099 401 expressit:

171 412 235 429 eodem
246 411 324 429 deeano¹
335 411 464 434 respondente,
474 411 575 428 secundum
586 411 634 434 quod
645 411 689 428 alias
699 417 754 434 super
763 411 798 429 hoo
808 412 934 434 responderat,
942 411 991 434 quod
1001 412 1101 429 ordinatum

171 445 229 461 fuerat
239 444 289 465 alias„
301 448 321 461 ut
330 444 408 465 dicebat,
421 445 469 461 inter
479 444 577 467 magistros
587 444 634 461 dicte
647 444 750 467 theologice
765 444 861 465 facultatis,
872 444 921 467 quod
933 445 972 467 ipse
984 444 1070 465 decanus,
1080 450 1100 462 eo

172 477 226 494 modo
241 483 277 500 quo
291 477 364 500 petebat
376 477 424 494 idem
439 481 505 498 rector,
518 477 577 494 dictos
591 477 688 500 iningistros
701 477 822 500 theologicos,
834 477 855 494 ad
868 477 1028 500 congregationem
1040 477 1101 500 hujus-

172 510 221 527 modi
234 516 334 527 convocare
348 516 385 527 non
399 513 469 533 poterat
482 516 515 527 nec
528 509 607 527 debebat
620 515 624 527 τ
639 510 687 527 unde
699 510 752 527 valde
767 510 847 531 dolebat,
861 513 880 527 ut
894 510 971 527 dicebat.
986 510 1100 527 Postmodum

171 549 221 564 vero,
232 543 292 560 dictus
303 547 362 560 rector
373 543 444 560 deinum
455 547 473 560 et
483 543 547 560 ultimo
557 546 575 560 et
584 543 614 560 illa
624 543 663 560 vice
674 549 707 566 pro
718 543 802 560 omnibus
816 546 835 560 ut
847 543 924 564 dicebat,
935 549 957 560 ex
967 547 1016 566 parte
1027 543 1101 560 Univer-

171 576 236 597 sitatis,
247 582 267 593 ac
276 576 316 593 vice
326 579 345 593 et
354 576 427 593 nomine
438 576 496 598 ipsius
506 579 524 593 et
534 582 567 599 pro
577 576 623 599 ipsa,
634 576 703 599 prefato
713 576 782 593 decano
792 576 880 593 nuntiavit
890 579 908 593 et
919 576 1024 597 insinuavit„
1035 580 1054 593 ut
1063 576 1100 599 ipse

171 609 251 626 decanus
264 609 385 632 peremptorie
400 612 418 626 et
430 609 551 632 personaliter
564 612 683 632 compareret,
697 609 733 630 die,
747 609 790 626 hora
804 612 822 626 et
834 609 875 626 loco
887 609 981 632 predictis,
995 615 1015 626 se
1029 615 1101 627 excusa-

172 645 224 659 turus
239 648 294 664 super
308 642 410 664 premissis,
425 645 443 659 et
456 642 585 665 propositurus
598 641 666 659 ibidem
682 648 716 665 que
732 642 755 659 ad
769 642 904 659 excusationem
918 642 1023 665 hujusmodi
1037 648 1101 665 propo-

172 675 232 692 nenda
243 674 322 696 videret;
333 675 414 698 alioquin
427 675 466 698 ipsa
478 675 599 696 Universitas„
612 675 681 698 absque
694 675 728 692 alia
743 675 862 698 requisitione
875 681 908 692 seu
920 676 1042 693 insinuatione
1056 675 1101 693 dicto

173 708 242 725 decano
252 708 336 725 decetero
350 714 406 730 super
417 707 453 725 hiis
463 708 540 725 ulterius
553 708 641 729 facienda,
655 708 763 731 procederet
775 712 837 725 contra
850 709 908 731 ipsum
922 708 1073 730 archidiaconum,
1083 713 1103 726 ut

173 741 251 762 dicebat,
262 745 316 764 prout
328 741 350 758 de
360 742 402 764 jure
415 742 482 764 poterit
493 745 524 758 aut
533 741 613 758 debebit.
624 742 652 759 Ad
662 747 697 764 que
710 741 758 758 idem
768 742 907 759 archidiaconus
917 742 1045 764 respondebat,
1056 742 1102 765 quod

174 775 256 798 magdstri
273 775 291 791 in
310 775 412 797 theologica
428 775 511 792 facultate
531 778 617 798 regentes
633 781 666 798 per
683 778 771 792 rectorem
786 775 920 796 Universitatis,
936 775 979 798 quin
994 775 1057 798 pocius
1072 781 1103 798 per

175 808 274 829 bedellum,
288 808 310 825 ad
323 808 485 831 congregationem
498 808 612 831 aliquatenus
624 812 739 829 vocarentur,
753 814 844 831 nunquam
858 808 917 825 visum
931 808 965 825 suit
978 808 1058 825 Parisius
1072 815 1103 826 nec

176 841 273 858 auditum'.
284 841 348 858 Actum
359 845 377 859 et
386 841 447 858 datum
457 841 544 863 Pan-isius,
556 842 574 858 in
587 842 641 859 domo
653 842 712 864 ipsius
724 841 852 863 archidiaconi,
863 842 896 859 sita
909 842 928 859 in
940 842 1019 859 claustro
1029 842 1104 860 ecclesie

176 875 294 896 Parisiensis;
306 874 422 897 presentibus
435 875 520 892 discretis
532 875 576 892 viris
589 875 667 898 Symone
679 875 764 898 Anglico,
777 875 903 898 Anglicorum,
915 878 934 892 et
945 875 1013 892 Thorna
1025 875 1104 897 Pit-ardo,

178 908 294 925 Picartlorum
313 908 405 925 nationum
420 908 505 930 bedellis,
521 912 538 925 et
554 908 595 925 aliis
611 908 679 925 ibidem
694 908 793 926 astantibus
809 908 886 925 testibus
901 909 922 925 ud
939 909 1026 931 premissa
1040 909 1105 926 vocatis

179 941 283 964 specialiter
293 945 311 959 et
321 942 395 965 rogatis.

225 976 264 998 Ego
278 975 371 992 Aubertus
385 975 408 992 de
422 975 537 996 Maconvilla„
552 975 630 992 clericus
644 975 796 998 Rothornagensis
811 974 898 996 diocesiS,
911 974 1009 998 apostolica
1026 975 1107 998 publicus

179 1008 285 1025 auctoritate
298 1008 387 1029 notarius,
401 1008 503 1031 premissis,
514 1011 533 1025 ut
546 1014 601 1031 supra
614 1008 725 1030 scribuntur,
736 1008 817 1028 interfui,
828 1013 885 1031 eaque
897 1008 969 1030 propria
982 1014 1034 1024 manu
1045 1008 1108 1031 scripsi

181 1044 198 1058 el
209 1041 306 1064 publicavi,
317 1047 394 1064 meoque
404 1041 458 1064 signo
468 1045 556 1059 consueto
567 1042 637 1064 signavi
648 1045 728 1064 rogatus*

230 1090 297 1107 Originnte
303 1091 317 1103 iu
322 1091 360 1103 Arch.
367 1090 428 1103 Univerx.
434 1090 482 1106 Paris„
488 1090 527 1103 thena
532 1091 547 1105 V.
554 1091 569 1103 Β.
576 1091 588 1102 2.
594 1090 607 1103 b.
614 1097 630 1100 ·-
636 1090 705 1106 Jourdnin,
711 1093 725 1103 nu
732 1090 759 1103 ³²7.

231 1132 243 1145 1.
251 1137 257 1144 .
263 1132 314 1144 neem
323 1136 329 1144 .
336 1132 371 1144 nm:
379 1133 392 1144 ει
399 1132 412 1144 in
422 1132 507 1148 „queminus
514 1136 555 1149 sup„
562 1136 627 1147 mmm,
634 1137 663 1144 mm
670 1133 708 1148 prius
716 1137 722 1145 «
729 1132 821 1144 minan-:nnn
829 1135 835 1143 υ
842 1132 862 1143 vei
869 1136 875 1143 a
881 1131 981 1144 mhffimm
988 1135 994 1143 ,ι
1004 1132 1068 1148 κῆρι-η..
1073 1133 1111 1144 um,

184 1161 200 1164 -
206 1155 218 1167 2,
225 1155 244 1167 cr.
251 1156 283 1167 mm.
291 1154 297 1166 ι
306 1154 377 1169 charmi,
384 1157 397 1170 p.
404 1158 434 1166 ‚ow⁴
