1273 1538
423 24 433 36 ι

170 45 192 62 34
459 50 619 63 cunnensium
636 51 732 64 uwivcns*
750 51 814 64 rinus.
1052 46 1100 65 [1289

172 100 228 120 560.
241 105 326 124 οιψιιιαιιῑα
334 105 406 124 quaedam
411 105 483 123 [undatur
488 110 515 125 pro
523 106 604 120 verberim
610 108 624 120 e!
631 106 689 124 injuriis
695 106 785 120 studentibus
792 106 878 124 quibusdam
885 107 931 120 tuam
937 112 946 120 a
951 107 1017 124 gentihus
1022 107 1101 121 cardinalis

216 131 286 144 yonam:
295 131 353 149 crmzm,
362 133 409 150 upon.
418 131 457 144 :edes
465 131 514 149 logan.

752 149 790 164 7289,
797 149 851 166 Auffmi
856 149 879 165 ευ,
886 149 961 167 [runa-J.

218 188 238 204 In
251 188 324 204 nomine
336 187 409 204 Domini
422 187 479 204 nostri
491 188 535 204 Jesu
547 186 622 208 Christi„
634 192 693 203 amen.
707 187 759 203 Anno
772 186 853 209 ejusdem
867 187 963 204 millesimo
978 187 1101 204 ducentesimo

172 221 285 244 octogesimo
295 227 350 242 nono,
359 221 458 238 indictione
469 220 554 241 secunda,
564 220 593 237 die
601 220 662 237 martis
671 220 751 243 proxima
759 224 800 243 post
808 220 948 237 Decollationem
960 220 1007 237 beati
1016 220 1102 238 Johannis

173 255 261 278 Baptiste,
269 255 339 272 scilicet
346 255 376 272 die
384 254 464 272 secunda
472 254 554 271 exeuntis
565 254 633 271 mensis
641 254 721 278 augusti,
729 253 844 277 pontificatus
854 254 964 272 sanctissimi
972 254 1027 277 patris
1035 254 1102 271 domini

173 289 241 306 Nicolai
259 295 304 312 pape
320 289 344 306 IV
359 294 406 305 anno
421 288 509 305 secundo.
525 288 570 306 Cum
586 288 659 311 quidam
675 288 798 305 malefactores
813 288 860 305 inter
874 288 934 305 villam
950 288 967 305 S.
983 288 1068 305 Germani
1081 287 1102 305 ‹le

173 323 231 339 Pratis
243 328 300 346 prope
314 322 395 339 Parisius
406 325 424 339 et
434 322 498 339 vallem
511 322 587 339 Gerardi
598 322 708 339 Parisiensis
720 322 805 343 diocesis,
818 322 836 338 in
848 322 916 345 campis
929 321 1016 344 quosdam
1027 321 1102 339 elericos

173 356 195 373 de
211 356 332 373 Universitate
347 355 446 372 Parisiensi
460 355 559 372 enormiter
573 354 702 372 verberassent
716 361 736 372 ac
750 355 884 375 vulnerassent,
899 358 917 371 et
933 355 1010 378 turpiter
1027 358 1104 378 pertrac-

173 392 249 410 tassent,
257 392 275 406 et
285 395 332 406 unus
343 395 364 406 ex
374 389 419 412 ipsis
429 389 502 406 clericis
512 389 543 412 qui
553 389 657 412 specialiter
666 389 689 406 de
700 389 821 406 Universitate
831 392 868 405 erat
878 394 911 411 pro
921 388 1034 410 vulneribus,
1043 388 1104 406 verbe-

174 422 274 440 rationibus
289 426 306 440 et
320 422 360 440 aliis
376 422 448 444 injuriis
462 422 485 439 ab
499 422 545 445 ipsis
562 422 708 440 malefactoribus
725 422 779 440 illatis
794 425 812 439 et
825 422 884 443 tactis,
894 425 912 439 et
926 428 986 439 earum
1002 422 1102 443 occasione„

172 456 238 473 suisset
249 456 295 473 viam
307 456 392 473 universe
404 456 463 473 carnis
475 456 534 473 statim
546 456 564 473 in
576 456 629 473 dictis
642 456 710 479 campis
723 456 827 479 ingressus;
839 461 858 473 ae
872 455 985 473 Universitas
997 455 1104 473 Parisiensis

173 489 253 513 predicta
266 495 299 506 seu
313 489 395 513 magistri
409 490 456 506 dicte
470 490 597 507 Universitatis
611 490 685 506 nomine
698 490 757 513 ipsius
770 489 897 507 Universitatis
911 489 973 512 sepius
986 493 1060 512 propter
1071 489 1104 506 hoc

172 529 232 540 coram
243 523 316 540 domino
327 529 370 546 rege
382 523 456 540 Francie
466 523 533 540 illustri
546 526 575 540 aut
586 523 624 540 suis
637 523 748 540 consiliariis
757 523 903 546 comparuissent
915 526 933 540 et
945 523 1058 545 questionem
1071 529 1102 540 seu

172 556 303 579 querimoniam
318 556 424 577 movissent,
440 560 458 574 et
472 557 550 574 eundem
569 563 630 580 regem
648 563 680 580 per
697 557 768 574 diversa
783 556 822 574 loca
837 556 894 573 secuti
909 557 987 574 fuissent
1001 560 1019 574 et
1033 556 1056 573 oh
1071 556 1104 574 hoc

172 596 261 613 expensas
273 590 366 611 fecissent,
377 590 449 607 tandem
462 590 509 607 dicta
522 590 551 607 die
564 590 626 607 martis
639 590 679 607 viro
690 590 777 613 religioso
790 590 845 607 fratre
855 590 932 607 Ricardo
944 590 1019 607 Ordinis
1031 591 1103 607 fratrum

171 623 269 644 Minorum,
279 623 406 646 penitentiario
417 623 513 640 reverendi
524 623 542 640 in
552 623 626 641 Christo
637 623 694 647 patris
704 624 773 641 domini
782 623 877 645 lobannis,
886 624 913 641 tit.
923 624 940 640 S>
951 624 1019 641 Cecilie
1030 623 1104 647 presby-

170 657 204 674 teri
219 657 316 674 cardinalis
330 657 430 681 apostolice
445 657 495 674 sedis
511 656 573 680 legati,
590 664 610 674 ac
627 658 672 675 viris
689 657 825 675 venerabilibus
840 661 858 674 et
872 657 956 675 discretis
973 658 1052 675 dominis
1066 658 1104 675 sive

171 691 263 714 magistris
276 691 342 714 Egidio
354 691 377 708 de
389 691 480 714 WVarsayn
497 694 568 708 rectore
584 691 631 708 dicte
647 691 781 713 Universitatis,
794 697 866 708 necnon
879 694 898 708 et
913 691 954 708 aliis
968 691 1104 714 quampluribus

170 724 263 748 magistris
276 724 378 741 scolaribus
391 724 410 741 in
424 724 523 748 theologia,
537 724 556 741 in
571 725 656 746 decretis7
667 725 686 741 in
700 725 773 748 physica
785 728 803 742 et
815 725 834 741 in
844 724 914 742 artibus
926 731 946 742 ac
957 724 1104 748 procuratoribus

170 762 247 781 quatuor
261 758 360 780 nationum,
376 758 495 779 Gallicorum,
509 758 632 780 Picardorum.
649 759 794 776 Nortnannorum
810 761 828 776 et
840 758 961 782 Anglicorutn
976 759 1103 776 Universitatis

170 792 280 809 Parisiensis
294 792 313 809 in
330 792 409 815 capitulo
427 792 505 809 ecclesie
516 792 533 809 S.
544 792 633 809 Bernardi
651 792 673 809 de
690 792 801 810 Chardineto
816 792 873 809 Paris.
887 793 1017 810 Cisterciensis
1031 793 1104 810 Ordinis

170 826 287 849 congregatis
303 829 321 843 et
334 825 461 847 existentibus,
477 826 557 848 prefatus
570 826 626 843 frater
639 826 727 843 Ricardus
741 832 774 849 pro
789 825 838 843 bono
851 830 897 844 statu
914 826 964 849 pacis
976 830 994 844 et
1008 826 1104 844 concordie

172 859 299 877 Universitatis
310 859 390 883 predicte
400 865 441 876 cum
452 859 506 876 dictis
520 862 537 876 et
549 859 644 882 premissis
657 859 749 883 magistris
762 866 782 877 ac
792 860 833 877 aliis
843 860 865 877 «le
875 860 914 883 ipsa
925 860 1047 877 Universitsste
1057 860 1105 877 ordi-

171 894 226 914 navit,
237 893 329 914 convenit,
340 893 423 916 promisit
433 899 453 910 ac
464 893 556 916 disposuit
565 893 584 910 in
594 893 668 910 modum
679 893 710 916 qui
721 893 810 916 sequitur.

216 928 237 944 In
250 927 341 950 presentia
353 927 388 944 mei
402 926 495 944 Bonamici
508 927 573 944 notarii
586 930 603 944 et
616 927 689 944 testium
703 926 848 950 subscriptorum
860 927 882 944 ad
895 927 929 944 hoe
942 927 1045 950 specialiter
1054 933 1106 945 voca-

172 964 231 978 torum
242 964 260 978 et
272 964 383 984 rogatorum,
394 960 481 978 videlicet
493 960 542 983 quod
555 961 635 983 prefatus
649 960 703 977 frater
716 960 804 978 Ricardus
816 967 849 984 pro
862 960 1008 978 malefactoribus
1021 961 1106 984 predictis

172 994 256 1017 promisit
265 995 314 1017 quod
324 994 377 1012 saciet
386 994 426 1011 fieri
436 994 554 1017 capellaniam
565 1000 618 1011 unam
628 994 706 1011 dotatam
717 994 739 1011 de
750 994 814 1018 viginti
825 994 877 1012 libris
887 994 984 1017 parisiens.
995 994 1106 1012 mortificatis

172 1028 225 1044 annis
242 1028 321 1051 singulis
338 1028 428 1049 redditus,
442 1031 460 1045 et
475 1028 493 1044 in
510 1031 618 1051 perpetuum
635 1027 654 1044 in
670 1028 717 1045 locis
733 1027 879 1051 competentibus
896 1028 917 1045 ad
935 1028 1002 1045 dictum
1017 1027 1105 1045 bonorum

172 1061 252 1078 virorum
265 1061 283 1078 in
294 1061 328 1078 hoc
340 1065 456 1084 expertorum
469 1061 593 1085 percipiendis
605 1061 628 1078 ab
639 1062 761 1079 Universitate
773 1062 853 1085 predicta
865 1061 893 1078 vel
905 1062 945 1085 ejus
956 1061 1039 1078 mandato
1050 1065 1105 1082 certo,

172 1096 200 1114 vel
214 1103 223 1114 a
237 1097 330 1120 capellano
344 1098 375 1120 qui
387 1103 420 1120 pro
434 1101 515 1120 tempore
528 1097 589 1118 suerit,
603 1101 621 1114 et
633 1097 662 1114 cui
676 1097 769 1120 capellano
783 1098 850 1120 prefata
863 1097 977 1115 Universitas
990 1097 1106 1120 capellaniam

172 1130 271 1147 contulerit
280 1134 404 1147 memoratum.
415 1131 475 1147 Faciet
488 1131 540 1148 etiam
556 1131 637 1147 construi
651 1131 670 1147 in
683 1131 730 1148 dicta
744 1131 843 1154 capellania
857 1131 895 1148 sive
905 1131 973 1154 capella
987 1131 1041 1148 altare
1052 1136 1106 1147 unum

172 1163 271 1186 lapideum,
285 1164 345 1180 Faciet
360 1163 413 1180 etiam
427 1163 466 1180 fleri
478 1164 552 1180 calicem
566 1170 621 1180 unum
634 1167 741 1187 argenteum
753 1167 771 1181 et
783 1164 857 1181 missale
869 1167 887 1180 ct
899 1170 969 1187 pannos
981 1164 1003 1181 ad
1016 1164 1078 1185 altare,
1090 1167 1107 1180 et

173 1203 206 1220 pro
216 1197 309 1220 capellano
324 1203 394 1220 pannos
409 1197 448 1214 sive
461 1197 566 1214 indumenta
581 1197 689 1214 sufficientia
703 1203 735 1220 pro
748 1197 859 1214 celebrando
873 1197 933 1214 divina
946 1197 965 1214 in
980 1197 1027 1214 dicta
1039 1197 1106 1221 capella

173 1231 212 1247 sive
229 1230 334 1253 capellania.
351 1230 437 1247 Promisit
453 1230 505 1247 etiam
523 1230 595 1247 solvere
612 1231 686 1253 triginta
703 1230 758 1247 libras
776 1231 872 1253 parisiens.
889 1236 922 1253 pro
936 1231 1022 1253 expensis
1035 1231 1086 1247 saetis
1098 1236 1107 1247 a

175 1267 245 1282 rectore
258 1267 276 1281 et
286 1263 408 1282 Universitate
418 1269 451 1280 seu
462 1263 552 1287 deputatis
562 1263 585 1280 ab
595 1264 718 1281 Universitate
730 1264 810 1287 predicta
824 1263 919 1280 occasione
931 1263 1036 1287 hujusmodi
1049 1264 1108 1287 queri-

175 1298 235 1315 monie
245 1298 305 1315 delate
314 1304 375 1315 coram
386 1303 429 1320 rege
440 1301 458 1314 et
467 1297 517 1314 alibi⁴
528 1298 550 1314 Et
562 1298 584 1314 de
597 1298 654 1321 prima
666 1297 758 1315 solutione
769 1297 812 1314 anni
825 1297 877 1320 primi
890 1297 961 1314 scilicet
973 1298 1063 1320 presentis
1073 1304 1108 1320 quo

174 1331 233 1353 ipsum
247 1331 312 1348 finctum
327 1331 386 1348 extitit
398 1334 521 1353 perpetratum
534 1331 617 1348 facienda
629 1331 652 1348 de
664 1330 729 1354 viginti
742 1330 794 1347 libris
805 1329 859 1347 stabit
871 1330 985 1348 Universitas
997 1331 1045 1348 dicto
1055 1337 1109 1348 vene-

235 1359 248 1372 5.
