1273 1538
186 55 230 74 1323]
374 58 398 70 An
414 58 467 70 Axino
484 57 602 69 nccxxxxvx
619 56 685 71 nsque
702 57 727 69 zm
743 58 812 70 annun
828 59 898 71 nuncu„
1066 52 1100 69 315

185 123 235 142 881.
245 128 314 141 sraeutm
324 125 421 139 Universum-'³
428 125 482 143 Paris„
491 124 529 143 quoa
539 124 577 138 num
585 124 649 138 scholare
658 124 716 138 meme
725 125 824 139 scholaruum
834 125 933 144 comedamur,
942 125 971 139 „tn-
981 124 1049 142 magister
1058 125 1098 143 cujus

223 151 329 171 frequentaverit
335 150 392 164 scanza«
399 149 438 163 mum
446 153 492 163 mum
500 153 531 162 em
538 149 617 163 scholar-m
622 149 697 167 summu.

753 188 790 203 1320,
798 188 877 205 &fimbris
881 188 894 203 3,
901 188 957 202 Pulcra

223 232 242 248 ln
253 231 324 248 nornine
338 230 416 251 Domini,
431 236 489 247 amen.
506 230 540 247 Per
554 230 589 247 hoc
603 236 680 253 presens
695 230 787 253 publicum
801 230 941 247 instrumentum
956 230 1026 247 cunctis
1040 233 1098 253 pateat

184 265 274 286 evidenter,
290 264 338 288 quod
354 270 400 281 anno
416 263 499 286 ajusdem
515 264 580 282 MCCC
593 264 679 281 vicesimo
692 267 760 285 octavo,
780 264 809 281 die
825 264 879 282 tercia
896 264 964 282 mensis
978 264 1096 287 Septembris=

183 298 273 315 indictione
287 298 385 319 undecima,
397 297 512 321 pontificatus
527 297 636 315 sanctissimi
651 297 669 314 in
683 297 755 315 Christo
768 298 823 321 patris
836 304 855 315 ac
872 298 940 315 domini
957 298 1015 315 nostri
1028 298 1096 315 domini

182 331 262 349 ,Iohannis
275 331 333 349 divina
343 331 455 354 providentia
466 337 511 354 pape
525 331 560 354 xxij
576 337 623 348 anno
633 331 748 352 duodecimo,
759 331 777 348 in
792 331 826 348 mei
840 332 905 349 notarii
918 331 985 355 publici
996 335 1014 349 et
1024 332 1096 349 testium

182 365 223 381 insi-a
232 364 335 387 scriptorum
346 364 436 388 presentia
446 364 556 382 constitutus
569 364 655 388 magister
668 364 758 382 Robertns
770 364 792 381 de
805 364 886 386 Pilinor1,
900 368 959 382 rector
970 365 1096 383 Universitatis

175 400 220 415 'tunc
234 398 317 421 {emporis
331 398 457 421 magistrorum
472 401 490 415 et
506 398 603 415 scolarium
617 398 704 418 Parisius,
717 398 764 415 eirca
777 398 838 415 hovam
853 398 909 415 tercie
922 398 941 415 in
955 399 1097 422 congregatione

182 431 255 454 generali
269 431 314 454 apud
328 431 345 449 S.
356 431 465 448 Maturintun
480 431 608 453 Parisiensmn„
624 434 689 448 tenens
704 431 722 448 in
739 437 792 448 manu
807 437 838 448 sna
851 431 940 454 quandam
950 431 1039 453 cedulam„
1054 432 1099 455 legit

181 464 241 481 ibidem
256 465 329 487 quedam
343 468 407 482 statuta
421 464 440 481 in
455 464 518 482 eadem
533 464 597 482 cedula
610 468 695 482 contenta
709 470 769 482 eoram
786 464 871 481 omnibus
888 464 955 481 ibidem
972 465 1099 486 existentibus,

181 498 228 520 cujus
237 497 307 520 quidem
316 498 380 515 cedule
390 501 442 515 tenor
452 497 498 515 dicta
510 501 575 515 statuta
585 498 696 515 continentis
706 498 789 521 sequitur
798 498 817 514 in
827 497 860 514 hec
870 497 930 515 verba.

220 531 241 548 Ut
250 530 324 548 maliciis
334 534 351 548 et
360 530 454 548 fraudibus
468 537 531 548 eorum
545 531 575 554 qui
586 531 621 548 sub
631 534 714 554 pretextu
726 530 834 548 scolaritatis
846 530 948 554 privilegiis
958 534 976 547 et
985 531 1099 548 libertatibus

181 564 299 581 Universitatis
308 564 394 581 fallaciter
403 564 509 585 abutuntur,
517 565 545 581 via
553 568 607 587 prout
617 568 645 581 est
655 564 744 587 possibile
754 564 876 587 precludatur,
885 564 980 581 statuimus
990 564 1039 587 qnod
1047 564 1100 581 dece-

181 601 215 614 tero
226 597 268 614 nulli
282 597 345 614 scolari
356 603 388 620 per
400 601 488 614 rectorem
502 597 529 615 vel
541 597 637 620 deputatos
647 597 678 620 qui
692 603 724 620 pro
739 601 820 620 ternpore
833 597 907 618 suerint,
918 597 977 614 littera
991 597 1050 620 aliqua
1065 597 1099 614 sub

180 631 237 654 quavis
251 631 305 647 forma
321 631 403 654 signetur
417 630 446 647 vel
460 631 571 648 concedatur
585 637 618 648 seu
635 631 748 654 aliquatenus
765 631 874 652 admittatur,
892 631 927 648 nisi
944 631 1031 654 magister
1047 631 1099 653 cujus

180 664 232 681 scolas
245 664 362 686 frequentabit
379 664 455 681 scolaris
469 664 591 681 sacrosanctis
606 664 702 687 scripturis
716 664 766 687 prius
780 664 898 687 corporaliter
912 664 964 681 tactis
977 664 995 680 in
1008 664 1098 687 presentia

179 697 248 714 rectoris
257 700 275 714 et
283 697 408 720 deputatorum
421 697 452 720 qui
464 703 498 720 pro
509 700 590 720 tempore
603 697 671 714 suerint
680 698 731 720 juret
743 697 791 720 quod
803 697 861 714 credit
873 697 924 714 illum
934 703 975 714 esse
985 703 1047 714 verum
1058 703 1099 714 sco-

179 731 234 752 larem,
248 736 283 747 non
296 730 362 752 fictum,
378 730 460 747 volentes
475 730 525 753 quod
540 730 582 747 licet
597 730 614 746 in
630 730 720 753 principio
735 736 788 747 cause
803 730 831 747 vel
845 730 914 753 negotii
926 730 980 747 suerit
993 730 1098 753 hujusmodi

179 764 265 788 prestitum
276 765 404 787 juramentum,
420 770 457 781 non
472 767 532 781 tamen
547 763 624 781 sufficiat
638 763 698 787 quoad
711 763 755 781 alias
767 763 836 781 litteras
849 763 965 787 postmodum
978 763 1097 787 optinendas:

179 798 227 815 immo
236 804 267 821 pro
277 803 383 820 quacunque
395 797 453 814 littera
466 797 485 814 in
498 797 562 814 eodem
573 797 601 814 vel
610 797 646 814 alio
657 797 731 820 negotio
741 797 838 814 obtinenda
851 797 908 814 sorinn
920 797 1000 820 predicta
1007 797 1099 820 jurabitur

179 837 208 854 per
216 831 323 855 magistrum.
336 831 455 854 Injungentes
468 830 598 847 nichilominus
611 830 677 847 rectori
690 833 707 847 et
717 830 807 853 deputatis
818 830 847 853 qui
860 836 893 853 pro
904 834 984 853 tempore
997 830 1070 851 fuerint,
1081 834 1099 847 et

179 871 234 882 eorum
247 864 323 888 singulis
335 864 369 881 sub
383 864 445 881 debito
455 864 567 886 juramento,
581 870 604 881 ne
617 864 686 881 litteras
700 864 795 887 quibusvis
810 864 912 881 scolaribus
924 864 977 881 aliter
990 870 1043 887 quarn
1057 870 1099 888 pre-

179 898 238 916 dicitur
256 898 327 922 signent
346 904 378 915 sen
395 897 505 919 concedant,
522 897 551 914 vel
568 898 620 914 etiam
641 898 706 921 quovis
726 898 779 914 modo
796 897 875 915 scienter
891 898 969 915 transire
987 898 1097 920 permittant.

178 932 239 948 Verum
248 937 270 948 ne
279 931 371 954 graviores
385 936 473 953 personas
486 937 508 948 ex
520 930 555 948 hoc
569 930 644 947 nimium
654 930 728 954 Lsatigari
741 931 840 954 contingat,
851 930 935 948 volumus
945 930 993 953 quod
1007 931 1098 954 magistris

179 964 195 982 in
203 964 306 988 theologica,
320 964 404 982 canonica
418 964 447 981 vel
461 964 535 987 physica
548 964 632 981 facultate
647 964 724 981 sufficiat
737 964 794 981 semel
807 964 824 981 in
837 970 891 985 anno,
905 964 981 981 maxime
991 964 1038 981 circa
1048 964 1098 988 prin-

178 999 237 1022 cipium
249 998 309 1019 studii,
320 998 337 1015 in
347 998 491 1021 congregatione
504 998 585 1021 generali
598 1001 679 1021 prestare
692 998 797 1021 hujusmodi
806 998 936 1021 juramentum,
949 998 1035 1015 videlicet
1049 998 1098 1021 quod

178 1038 211 1049 non
222 1031 339 1055 perhibebunt
352 1037 384 1055 pro
397 1031 458 1054 aliquo
471 1031 595 1048 testimoninm
609 1037 663 1055 quem
677 1038 714 1048 non
727 1031 803 1049 credent
814 1037 876 1048 verum
887 1037 929 1048 esse
939 1031 1037 1053 scolarem;
1050 1035 1069 1049 et
1077 1038 1099 1049 ex

179 1068 216 1082 tunc
228 1065 301 1082 sufficiet
314 1065 378 1082 scolari
392 1065 455 1082 cedula
469 1065 540 1088 signata
553 1065 615 1088 sigillo
629 1065 712 1088 magistri
726 1065 751 1082 sic
762 1065 818 1088 jurati
831 1065 927 1082 continens
940 1071 981 1082 eum
993 1071 1047 1082 sunm
1057 1071 1098 1082 esse

180 1099 266 1116 scolarem.
277 1099 354 1116 Seolaris
364 1104 407 1115 vero
418 1098 448 1121 qni
458 1098 529 1115 litteras
540 1098 623 1116 obtinere
633 1098 718 1120 voluerit,
729 1105 788 1116 coram
800 1101 870 1116 rectore
882 1102 900 1115 et
910 1098 1000 1121 deputatis
1012 1105 1099 1122 persona-

178 1131 215 1149 liter
229 1132 341 1155 comparebit¹
359 1135 376 1149 et
392 1131 453 1149 verbis
470 1132 532 1149 latinis
549 1132 628 1149 seriatim
643 1135 662 1149 et
675 1132 715 1149 sine
728 1132 867 1156 interpositione
879 1132 977 1150 verborum
991 1132 1098 1156 gallicorum

179 1165 263 1188 negotium
275 1172 327 1183 suum
339 1171 371 1189 per
385 1171 404 1182 se
417 1171 453 1182 non
466 1172 499 1189 per
511 1165 566 1183 alium
579 1165 677 1189 explicabit
689 1166 773 1183 totaliter.
787 1166 907 1189 lnjungentes
919 1166 957 1189 pari
968 1166 1021 1183 modo
1032 1166 1098 1183 rectori

179 1201 194 1215 et
206 1198 291 1221 deputatis
307 1199 337 1222 qui
353 1204 386 1221 pro
404 1202 485 1222 tempore
501 1199 575 1221 suerint,
592 1203 610 1216 et
624 1205 687 1216 eorum
702 1199 788 1223 singulis,
803 1205 826 1216 ne
842 1199 982 1222 quibuscunque
997 1199 1098 1216 scolaribus

179 1232 237 1254 quovis
250 1232 303 1249 modo
315 1232 384 1249 litteras
399 1233 500 1250 concedant
514 1233 542 1250 vel
558 1233 632 1256 signent
645 1236 663 1250 et
673 1233 750 1250 transire
764 1233 874 1256 permittant,
884 1233 920 1250 nisi
930 1233 1006 1250 scolaris
1018 1233 1098 1256 predicta

178 1265 268 1283 servaverit
282 1271 321 1283 cum
336 1265 406 1283 effectu.
424 1266 530 1284 Adicientes
545 1266 674 1284 nichilominus
692 1266 740 1290 quod
757 1266 805 1284 idem
822 1266 898 1284 scolaris
913 1266 1033 1290 personaliter
1046 1266 1098 1284 tactis

178 1299 289 1316 sacrosanctis
299 1299 393 1322 scripturis
403 1303 472 1322 prestet
481 1300 601 1323 corporaliter
608 1301 738 1322 juramentum,
750 1300 799 1323 quod
808 1300 848 1323 ipse
858 1306 913 1317 verus
923 1300 998 1317 scolaris
1009 1300 1075 1318 existit,

217 1331 252 1353 Qua
266 1332 336 1355 quidem
351 1332 414 1349 cedula
429 1333 456 1350 sie
470 1333 539 1350 ibidem
554 1333 627 1356 publice
642 1333 688 1350 leeta
702 1337 720 1350 et
732 1333 751 1350 in
765 1333 896 1350 deliberatione
911 1334 976 1357 posita,
991 1334 1099 1351 deliberavit
