1273 1538
176 48 209 64 406
464 51 621 63 CHARTULAmun
639 52 733 63 univ-ensi
752 52 815 63 mnis.
1047 43 1092 61 [1333

177 87 271 107 faciendis,
289 91 364 109 quantas
378 87 411 103 alia
428 87 520 109 provincia
535 93 570 104 non
586 87 692 110 Anglicana,
706 87 789 103 undecim
805 93 860 109 regna
876 87 977 105 continens,
991 85 1064 101 habebat
1076 85 1091 101 in

177 120 287 142 premissis:
299 123 401 142 eapropter,
412 119 496 136 omnibus
506 123 523 136 et
537 120 614 142 singulis
627 120 719 142 magistris
732 119 810 136 nationis
823 119 922 142 Anglicane
937 118 1020 141 predicte,
1033 123 1092 140 regen-

177 151 226 168 tibus
237 152 254 168 in
267 152 330 168 artium
343 151 426 168 facultate
436 151 523 172 Parisius,
533 147 636 168 convocatis
646 155 664 168 et
673 151 788 173 congregatis
798 151 845 173 apud
856 152 939 168 Sanctum
950 150 1054 167 Maturinum
1064 156 1092 172 per

178 184 286 200 servientem
301 183 419 206 principalem
434 183 481 200 dicte
496 184 580 203 nationis,
596 189 616 200 ex
632 186 681 206 parte
695 183 768 200 discreti
782 184 816 200 viri
832 183 912 206 magistri
927 183 973 199 Petri
990 182 1012 198 de
1028 182 1091 201 Dacia‘„

178 221 225 232 nunc
236 216 359 238 procuratoris
369 216 416 232 dicte
429 215 513 236 nationiS,
523 215 545 231 ad
558 216 671 232 statuendum
682 219 700 232 et
709 215 829 232 ordinandum
840 216 862 232 de
873 215 970 238 prioritate,
980 214 1091 237 prerogativa,

177 253 210 265 sen
220 248 290 268 ordine,
301 251 332 265 aut
341 247 428 271 dignitate
439 248 552 265 diversorum
563 253 660 271 regnorum
669 248 688 264 in
697 248 743 265 dicta
754 248 826 265 natione
836 248 957 268 existentium,
967 247 1024 270 quoad
1033 247 1092 264 intran-

177 281 219 297 dum
229 281 250 297 ad
260 280 371 303 eligendum,
381 280 531 303 quotiescumque
540 280 628 297 emineret
635 281 694 303 aliqua
703 281 767 297 electio
777 281 864 301 facienda„
874 281 943 297 tandem
952 283 1024 303 propter
1032 280 1091 297 bonum

176 312 226 334 pacis
238 315 255 328 et
265 316 339 335 propter
351 312 405 329 rixam
417 316 435 329 et
443 312 552 329 discordiam
565 313 697 335 imperpetuum
708 313 838 335 extirpandam,
848 319 903 335 super
915 312 1017 335 hujusmodi
1026 312 1092 329 electio-

176 344 231 361 nibus
247 344 335 361 faciendis
352 345 398 362 dicta
416 345 462 361 natio
480 345 570 367 quoddam
588 348 672 362 smtutum
687 345 729 362 fecit
744 348 761 361 et
774 345 862 365 condidit,
880 348 960 361 tenorem
974 345 1004 367 qui
1019 345 1093 367 sequitur

176 377 273 394 continens
281 381 334 400 atque
345 378 431 394 sormam:

221 417 230 426 «
238 410 333 427 Universis
344 414 439 432 presentes
448 410 517 427 litteras
525 410 635 432 inspecturis
645 410 726 432 magistri
737 411 801 427 Petrus
810 410 870 427 dictus
879 410 952 428 Winter
960 411 981 427 de
989 410 1047 430 Dacia,
1055 411 1093 427 Lau-

175 443 246 460 rentius
262 443 329 463 Punli',
346 443 445 460 canonicus
461 443 576 466 Upsalensis,
593 443 615 459 de
632 443 702 463 Suecia„
720 443 810 459 Robertus
825 443 847 459 de
862 443 946 463 Pilmor‘,
960 443 1061 460 Willelmus
1074 443 1094 460 de

175 476 309 496 Zuidewinde⁵‚
321 476 418 492 Ber-toldus
426 476 448 492 de
455 476 577 496 Consmntia·,
587 476 651 492 Petrus
661 476 683 492 de
692 475 753 492 Veteri
761 476 845 498 Campo',
854 476 946 492 Gosvinus
956 476 978 492 de
987 475 1093 498 Zutphania',

175 509 240 525 Petrus
254 508 378 531 Strangonis',
389 508 479 525 Henricus
492 508 586 528 Ludovici,
600 511 617 524 et
630 508 703 525 Ulricus
716 508 738 524 de
751 508 863 528 Constantia,
874 508 896 524 de
913 508 984 525 natione
997 508 1093 530 Anglicana,

175 541 252 558 salutem
269 541 287 557 in
305 540 383 557 Domino
403 541 537 563 sempiternam,
557 540 665 557 Convocatis
685 540 769 557 omnibus
786 544 805 557 et
821 540 899 563 singulis
918 541 1008 563 magistris
1025 540 1094 558 nationis

176 573 276 596 Anglicane
289 579 344 596 supra
356 573 404 590 dicte
416 576 456 590 actu
469 573 575 595 regentibus
588 573 667 590 Parisius
683 573 701 589 in
715 573 779 590 artium
794 573 878 590 facultate
890 573 937 596 apud
952 573 1032 590 Sanctum
1045 574 1095 590 Mam>

176 606 243 626 rinum,
258 612 305 622 anno
321 605 393 622 Domini
408 605 505 622 millesimo
522 606 650 622 trecentesimo
665 606 757 622 tricesimo
774 606 840 628 primo,
854 606 883 622 die
899 606 969 623 veneris
983 609 1024 628 post
1036 606 1094 623 festum

177 639 224 655 beati
235 638 302 655 Mathie
312 638 397 661 apostoli,
409 644 441 661 per
450 638 561 659 Conradum,
572 638 681 655 servientem
692 638 809 661 principalem
820 639 899 655 nationis
908 639 1035 661 prenominate,
1046 639 1095 662 depu-

177 675 233 689 tatum
246 671 268 688 ad
283 671 317 688 hoc
330 677 363 693 per
378 671 483 694 magistrum
497 672 569 688 Petrum
583 671 651 688 dictum
660 671 734 689 Winter
748 671 770 688 de
781 671 834 688 Dacia
845 671 952 694 predictum,
965 674 1006 688 tunc
1016 672 1095 694 temporis

178 707 313 727 procuratorem
325 704 408 726 ejusdem
418 704 497 721 nationis
507 704 613 727 Anglicane,
624 704 647 721 ad
654 704 773 721 ordinandum
785 707 803 720 et
813 704 835 720 ad
846 704 974 721 moderandum
984 704 1072 721 commoda
1081 708 1096 721 et

177 738 222 754 facta
232 743 264 754 seu
272 737 342 760 agenda
353 737 432 753 nationis
439 737 527 759 predicte,
536 740 554 753 et
561 737 584 754 ad
592 737 713 758 statuendum,
720 737 790 753 tandem
799 737 878 760 positum
886 737 920 754 suit
929 737 947 753 in
957 737 1095 754 deliberationem

177 776 187 787 a
197 770 266 792 prefato
277 770 364 793 magistro
375 770 428 787 Petro
439 770 487 787 dicto
497 770 577 791 Winter,
588 770 610 786 de
620 770 720 793 prioritate,
731 770 845 793 prerogativa
857 776 890 787 sen
903 770 966 787 ordine
977 773 1007 787 aut
1018 770 1096 793 dignitate

178 803 273 820 duodecim
292 809 390 826 regnorum
406 803 424 819 in
438 803 485 819 dicta
500 803 572 820 natione
588 803 709 824 existentium,
725 803 783 826 quoad
798 803 901 820 intrandum
916 803 938 820 ad
952 803 1052 826 eligendum
1064 809 1097 819 rec-

177 839 242 856 torem,
257 836 339 858 quolibet
356 839 437 858 tempore
456 836 552 853 electionis
568 836 656 857 faciende,
673 836 774 853 secundum
791 836 883 859 privileffl’i
897 836 1009 853 cardinalis¹⁰
1024 839 1096 852 tenorem

177 868 265 885 hactenus
278 869 401 888 observatum„
415 869 474 891 quoad
488 869 576 885 examinis
591 869 654 885 Sancte
667 869 762 886 Genovefe
777 874 824 885 onus
836 869 957 889 subeundum,
971 869 1028 891 quoad
1041 874 1098 891 procu-

177 902 243 918 ratoris
256 902 334 918 officium
349 902 476 922 exercendum,
487 902 536 924 quod
550 907 649 918 mensurno
661 901 753 918 curriculo
766 902 851 922 variatur,
866 902 888 918 de
902 901 977 918 clam'um
990 901 1067 918 custodia
1079 901 1097 917 ad

177 934 266 957 sigillum,
279 940 313 951 nec
326 941 362 951 non
375 935 398 951 de
410 934 495 951 omnibus
507 934 548 951 aliis
560 934 624 951 ossiciis
637 934 783 957 quibuscumque
793 934 873 951 nationis
885 938 987 951 memorate,
1001 934 1098 951 Alter-cntio-

178 967 232 983 nibus
247 967 365 984 tumultuosis
382 967 510 990 magistrorum
526 967 613 984 dictarum
628 967 763 989 provinciarum
778 973 810 984 seu
826 973 930 990 regnorum„
947 967 1015 983 ratione
1029 967 1098 989 preemi-

177 1000 239 1016 nentie
250 1000 330 1016 omnium
340 1000 441 1017 officiorum
449 1000 497 1016 dicte
506 1000 584 1016 nationis
593 1000 712 1016 excellentius
720 999 826 1020 obtinende,
835 999 877 1016 hinc
885 999 927 1016 inde
936 999 1002 1016 habitis
1009 1003 1026 1016 et
1033 999 1098 1019 audias,

176 1035 252 1054 propter
265 1031 332 1048 bonum
344 1033 393 1055 pacis
405 1036 423 1049 et
432 1035 506 1055 propter
518 1032 574 1049 rixam
585 1035 602 1048 et
614 1032 731 1053 discordiam,
742 1032 800 1048 litium
813 1032 900 1052 fomitem,
910 1032 1040 1055 imperpetuum
1052 1032 1098 1048 extir-

177 1064 261 1087 pandam.
276 1064 333 1087 stirpe
349 1064 399 1087 pacis
414 1068 431 1081 et
445 1065 543 1081 concordie
558 1065 643 1081 diuturne
658 1064 736 1081 radicata
748 1070 751 1081 :
765 1070 806 1085 nos,
820 1064 902 1087 magistri
915 1064 1032 1087 prenominati
1044 1064 1099 1081 statui-

177 1102 225 1117 mus,
239 1097 346 1113 ordinamus
358 1102 378 1113 ac
388 1097 462 1119 proprio
473 1097 578 1119 juramento
591 1097 719 1114 confirmamus
729 1100 747 1114 et
758 1097 883 1114 confirmatum
894 1097 1035 1119 pronuntiamus,
1046 1102 1076 1113 nos
1085 1100 1099 1113 ei

177 1135 296 1146 successores
309 1132 383 1146 nostros
396 1129 444 1152 quod
459 1129 543 1151 sequitur
557 1129 686 1146 inviolabiliter
700 1133 806 1146 servaturos
815 1135 819 1146 z
828 1129 919 1150 videlicet,
936 1129 984 1152 quod
1001 1130 1100 1152 quicumque

177 1162 306 1184 magistrorum
319 1162 382 1184 plures
394 1167 449 1178 voces
462 1165 481 1178 et
492 1162 577 1184 majorem
591 1165 659 1184 partem
672 1162 780 1184 eligentium
792 1162 883 1182 habuerit,
893 1162 1022 1184 cujuscumque
1034 1162 1056 1178 sit
1064 1168 1100 1184 pro<

176 1194 237 1211 vincie
247 1194 374 1211 indifferenter
384 1194 463 1211 nationis
473 1199 528 1216 supra
538 1194 593 1215 dicte,
603 1194 625 1210 ad
636 1200 750 1216 quecumque
760 1194 818 1211 officia
829 1194 931 1217 supradicta
942 1200 974 1211 seu
986 1194 1019 1211 alia
1028 1194 1100 1211 forsitam

177 1226 261 1247 oriunda,
277 1226 360 1249 ejusdem
375 1226 431 1242 ossicii
446 1226 507 1243 honus
524 1226 589 1243 subeat
602 1229 620 1243 et
634 1229 721 1247 assumat,
736 1232 772 1243 non
787 1226 903 1243 obstantibus
917 1226 1051 1249 preeminentiis
1064 1226 1101 1243 alle-

177 1259 249 1282 gandis,
260 1262 291 1276 aut
300 1259 373 1275 statutis
382 1264 416 1275 seu
428 1258 575 1275 ordinationibus
585 1258 613 1275 vel
623 1258 789 1275 consuetudinibus
799 1265 808 1275 a
819 1259 914 1275 retroactis
926 1259 1036 1282 temporibus
1046 1259 1101 1276 obser-

176 1292 229 1309 vatis,
242 1292 314 1313 Quibus
326 1291 419 1311 omnibus,
432 1297 464 1313 per
478 1297 554 1314 presens
566 1294 653 1308 statutum
662 1294 751 1314 perpetuo
762 1291 868 1308 duraturum
878 1291 969 1311 volumus,
979 1291 1024 1314 ipsis
1033 1291 1102 1308 nichilo-
