1273 1538
182 51 215 68 582
470 57 629 70 unani-unnim«
646 58 740 69 tnuwzns⁴
758 58 822 69 enus,
1051 50 1096 70 [1346

182 93 236 115 g[atio
247 99 321 110 suorum
332 93 452 114 atho]malinm
465 93 539 111 habebit
548 99 621 117 semper
632 100 683 111 snam
695 93 758 111 malam
771 94 916 116 dispositionem.
926 93 959 111 Vel
968 94 1042 115 [potestL
1052 94 1096 115 dicit,

182 126 234 143 aliter
248 126 298 149 poni,
313 127 354 150 quia
368 126 394 143 illi
409 126 444 143 duo
455 126 531 149 spiritns
541 126 638 147 bonorum,
649 126 721 149 quando
733 126 801 143 dicitnr
812 126 902 149 corrumpi
913 126 1023 149 suppositum
1033 132 1095 148 eorum,

182 158 228 176 fiunt
241 162 337 182 presentes
351 159 402 176 alteri
416 159 511 181 supposito
527 159 625 176 constituto
639 165 661 176 ex
674 159 751 176 athomis
766 159 910 182 perfectioribus⁴
926 159 948 175 Et
960 162 1006 179 tune,
1017 165 1055 176 cnm
1066 159 1096 176 tale

182 192 296 214 suppositum
311 192 334 209 sit
349 192 421 214 majoris
435 191 519 208 flexionis
532 195 550 208 et
562 192 687 214 perfectionis,
702 192 770 209 idcirco
784 191 905 214 intelligibilia
918 191 975 214 magis
988 197 1037 213 quam
1051 192 1096 214 prius

182 225 257 242 veniunt
266 225 288 241 ad
298 230 330 241 eos
338 225 378 246 (42).
386 234 408 236 —
415 224 517 241 Erroneam
525 227 541 241 et
548 224 650 241 hereticum.

227 258 276 275 Hic¹⁷
293 260 353 274 tamen
367 257 408 273 fecit
424 263 476 274 unam
491 257 625 274 excusationem
640 257 739 280 vulpinam,
754 257 801 274 sieut
815 261 833 274 et
846 263 907 280 supra,
918 261 935 274 et
944 260 994 280 rogat
1007 258 1051 280 quod
1065 258 1095 275 ista

182 290 251 307 nullum
262 290 307 307 male
317 293 406 311 moveant,
414 295 455 306 nam
466 293 483 307 et
493 293 590 312 appareant
598 290 654 312 longe
665 290 723 313 magis
733 290 833 313 probabilia
844 290 897 307 dietis
906 289 991 310 articuliS,
999 296 1032 312 que
1042 293 1093 307 tamen

182 322 238 340 multo
252 326 332 345 tempore
344 322 382 339 visa
392 324 446 343 [sunt]
459 322 565 345 probabilia,
577 322 620 339 licet
632 323 686 339 modo
699 323 759 340 forsan
772 329 805 345 per
819 323 918 340 doctrinam
932 329 981 340 suam
995 323 1095 340 diminuetur

182 361 243 372 eornm
253 355 378 378 probabilitas.
392 355 421 372 Sic
431 355 493 372 veniet
503 356 564 372 forsan
575 355 641 378 aliquis
653 355 707 377 alius,
718 356 749 378 qni
760 355 811 372 tollet
823 355 965 379 probabilitatem
975 361 984 372 a
993 355 1043 372 dictis
1056 356 1095 373 suis.

182 389 204 405 Et
213 389 254 405 ideo
265 388 309 406 dicit
321 389 371 411 quod
383 388 502 405 adhereamus
515 388 552 411 legi
562 388 637 410 Christi,
648 392 666 405 et
676 389 771 405 credamus
781 389 830 411 quod
839 395 876 405 non
886 388 936 406 aliter
945 389 976 406 fiet
985 389 1072 411 premiatio
1081 392 1096 406 et

181 421 251 444 punitio
261 421 297 438 nisi
307 427 340 444 per
349 421 401 438 illum
410 421 491 442 modum,
501 421 532 444 qui
543 424 570 438 est
580 427 679 444 expressus
689 421 707 438 in
717 421 759 444 lege
769 427 826 438 sacra.

225 454 277 475 Item,
288 454 337 477 quod
349 460 390 471 esse
403 453 522 477 corruptibile
535 454 612 471 includit
621 454 760 477 repugnantiam
771 457 788 471 et
798 454 957 471 contradictionem
968 455 1005 477 (43),
1015 464 1035 467 —-
1043 455 1096 472 Erro-

182 493 230 504 neum
242 490 259 504 et
271 487 374 505 hereticum.

225 521 276 541 Item,
292 520 340 543 quod
358 520 388 537 isti
404 519 526 541 conclusioni,
540 520 590 542 quod
606 525 636 536 res
653 523 781 542 permanentes
798 523 841 537 sunt
857 523 925 541 eterne,
936 520 992 543 magis
1003 524 1030 537 est
1040 526 1096 537 assen-

181 553 262 570 tiendum
273 559 327 576 qnam
337 553 427 576 opposite,
438 556 456 569 et
466 553 481 570 si
492 552 547 575 aliqui
560 553 621 569 dicant
630 558 671 569 eum
682 559 704 569 ex
714 552 748 570 hoc
757 559 825 575 negare
836 558 868 576 pro
879 559 905 574 se,
915 559 951 570 non
961 553 1003 570 dicit
1014 553 1059 576 quod
1067 553 1097 570 hoe

180 592 216 602 non
228 589 305 608 possunt
315 586 376 602 dicere
386 585 421 602 nisi
432 585 537 602 mentiendo
544 586 587 608 (44),
595 595 617 598 —
626 586 729 603 Erroneam
739 588 756 603 et
766 586 867 603 hereticum*

225 619 269 635 Item
280 618 330 641 quod
342 618 436 641 supposita
449 618 527 635 redeunt
538 618 602 635 eodem
613 624 690 635 numero
701 624 733 641 per
745 619 829 639 red[itum
843 619 946 641 corporum]
959 618 1097 641 supracelestium

180 651 201 668 ad
212 651 290 668 eundem
302 652 356 668 situm
368 651 406 673 (46).
414 651 546 668 —Erroneum
556 654 573 668 et
581 651 683 669 hereticum.

224 685 278 705 Item,
294 684 344 707 quod
361 687 411 701 actus
429 684 488 701 anime
505 688 567 702 nostre
585 688 627 701 sunt
644 685 709 701 eterni,
731 684 767 701 Sed
783 685 839 707 [quod
859 685 954 708 aliquando
974 684 1098 708 intel]ligamus,

179 717 276 740 aliqnando
287 723 330 738 non,
342 717 375 734 hoc
388 722 420 740 pro
434 720 483 734 tanto
494 719 534 738 e[st,
545 717 587 740 quia
597 723 629 740 per
642 719 716 738 motum]
729 717 842 740 spiritualem
855 718 936 735 redditur
946 723 975 735 res
986 717 1042 740 aliqua
1052 718 1099 735 intel-

178 750 268 774 ligibissis,
283 756 324 767 cnm
340 750 483 773 conjungun]tu1¹
496 749 555 773 aliqua
572 750 619 767 cirea
636 756 710 772 sensus,
726 751 774 767 sicut
787 750 848 772 etiam,
863 754 883 768 ut
897 751 946 772 dicit,
961 751 979 767 in
993 751 1050 772 reh[ns
1063 757 1099 774 per-

178 784 300 805 man]entibus
310 783 434 801 materialibus
446 783 502 800 nichil
512 787 540 801 est
550 790 616 801 novum
627 784 650 800 de
661 790 707 801 novo
718 784 736 800 in
747 790 788 801 esse
801 784 889 806 posituim
905 787 963 801 tamen
973 784 1028 807 aliqua
1039 790 1066 801 res
1075 788 1100 801 est

178 817 275 840 aliquando
289 823 366 840 presens
379 816 433 833 alicui
447 823 480 839 per
494 820 561 834 motum
574 816 658 837 localem,
669 817 698 834 cni
711 817 769 840 primo
780 823 817 834 non
829 820 868 834 erat
877 823 952 840 presens
962 818 999 839 (45).
1015 818 1035 834 Et
1044 817 1073 838 sie,
1083 820 1099 834 ut

178 850 229 872 dicit,
239 853 268 867 est
277 850 296 866 in
306 850 365 867 anima
375 853 437 867 nostra
447 856 479 873 pet·
489 853 557 866 motum
567 850 687 872 spiritualem,
698 851 721 867 Et
732 856 765 873 per
774 850 826 867 istam
838 850 952 873 positionem,
962 853 982 867 ut
990 850 1037 871 dicit,
1047 853 1100 867 cessat

179 885 228 900 totus
238 883 306 900 tercius
315 883 364 900 liber
373 882 474 899 Aristotilis
484 883 507 899 de
517 883 588 900 Anima>
596 893 618 895 —
627 883 728 900 Erroneam
738 885 755 900 et
765 883 867 900 hereticum.

223 917 275 937 Itemv
286 916 335 938 quod
350 915 449 933 intellectio
464 916 527 933 eadem
542 922 578 938 que
591 922 640 933 nunc
650 919 679 933 est
688 922 765 938 presens
779 916 840 937 michi,
852 916 887 933 erit
898 919 960 938 postea
972 922 1044 938 presens
1053 916 1098 933 alteri

179 949 274 972 supposito
281 950 347 971 (47),—
354 949 456 966 Erronenlm
466 952 484 966 et
494 949 595 966 hereticum*

223 983 275 1003 Item,
285 982 334 1004 quod
347 982 427 1005 potentie
439 982 495 999 nichil
509 982 599 1005 recipiunt
609 982 630 999 ab
641 982 725 1005 objectis,
736 982 769 999 sed
781 985 866 1005 presente
876 982 974 1004 objecto'et
983 982 1021 999 aliis
1030 988 1098 999 concur-

179 1015 261 1032 rentibus
274 1015 296 1031 ad
310 1015 436 1038 operaeionem
452 1015 532 1038 potentie
546 1015 605 1037 aliqua
619 1015 692 1032 realitas
707 1015 784 1032 efficitur
798 1020 875 1037 presens
888 1015 953 1036 anime,
963 1020 997 1037 que
1010 1015 1057 1038 prius
1066 1021 1098 1031 non

179 1049 220 1065 erat'
230 1053 314 1070 presens,
328 1051 346 1065 et
359 1052 418 1065 tamen
431 1051 470 1065 erat
483 1048 502 1064 in
515 1054 535 1065 se
548 1054 581 1064 nec
595 1048 615 1065 fit
628 1054 712 1070 presens=
726 1051 745 1065 ut
758 1048 808 1069 dicit,
822 1053 855 1071 per
869 1047 996 1065 resolutionem
1010 1054 1097 1071 corporum

178 1080 303 1102 athomalium,
313 1081 346 1098 sed
356 1080 414 1098 solum
426 1086 459 1103 per
469 1081 559 1103 quendam
570 1084 638 1098 motum
649 1080 762 1104 spiritualem
770 1081 821 1103 juxta
831 1081 905 1104 gratiam
913 1081 1054 1103 (ast—Falsum
1060 1081 1078 1098 in
1083 1086 1099 1098 se

178 1117 194 1131 et
208 1114 225 1132 in
237 1113 302 1131 ordine
312 1114 335 1131 ad
344 1113 457 1136 precedentes
467 1114 543 1131 her-esim
555 1114 658 1136 sapientem*

223 1148 275 1168 Item,
289 1147 339 1170 qnod
353 1147 400 1164 sicut
413 1146 455 1164 vilia
465 1147 534 1164 vadunt
547 1147 569 1163 ad
583 1151 665 1164 centrum
680 1150 698 1164 et
711 1147 733 1164 ad
746 1151 812 1164 terram
826 1150 900 1170 propter
914 1147 1050 1170 unigeneitatem
1062 1147 1100 1170 qnia

179 1184 221 1198 snm
230 1184 296 1202 terrea,
307 1180 356 1203 ignis
368 1184 427 1197 autem
438 1180 460 1197 ad
473 1180 534 1203 ignem
546 1183 564 1196 et
575 1180 609 1197 alia
621 1180 690 1197 nobilia
700 1186 776 1203 corpora
787 1180 823 1197 sibi
833 1180 938 1198 similiazita
948 1180 1018 1197 videtur
1026 1181 1071 1203 quod
1080 1180 1099 1197 ad

178 1214 246 1230 animas
263 1213 336 1230 nobiles
349 1213 423 1230 veniant
438 1213 508 1230 nobilia
522 1213 637 1235 exemplaria,
653 1213 675 1230 ad
690 1213 736 1230 viles
746 1213 794 1234 vilia,
810 1216 828 1230 et
840 1213 871 1236 qui
884 1217 926 1230 sunt
939 1213 961 1230 de
973 1216 1018 1230 terra
1028 1213 1049 1230 de
1058 1217 1100 1231 terra

178 1246 268 1263 locuntur.
280 1246 333 1263 Unde
343 1246 384 1263 talis
394 1246 484 1263 adventus
496 1245 605 1268 exemplaris
617 1245 706 1263 nobilium
717 1245 746 1262 vel
756 1246 818 1263 vilium
829 1246 901 1263 videtur
912 1247 990 1263 attestari
1002 1247 1099 1269 perfectioni

177 1278 206 1296 vel
219 1279 352 1302 imperfectioni
365 1279 471 1300 animarum,
483 1279 524 1302 quia
537 1278 578 1296 talia
585 1278 701 1302 exemplaria.
710 1282 730 1296 ut
737 1279 787 1300 dicit,
796 1285 832 1296 non
840 1279 915 1297 veniunt
922 1279 957 1297 nisi
965 1283 1037 1303 propter
1042 1280 1100 1303 unige-

178 1313 263 1329 neitatem
271 1313 310 1335 (49).
318 1322 341 1325 —-
347 1312 420 1330 Falsum
432 1315 449 1329 et
460 1318 560 1330 erroneum.
