1273 1538
175 39 208 55 252
464 45 622 57 cuswrummmn
639 45 734 57 uxuvzns.
752 45 816 57 PAnis.
1050 39 1093 57 [1322

176 80 224 104 logia
238 81 282 98 citra
295 81 390 99 biennium
403 81 465 99 habuit
478 88 511 99 seu
524 88 631 105 quacunque
643 82 775 99 consuetudine
789 82 817 99 vel
831 87 939 105 quocunque
953 85 1017 99 statuto
1026 81 1093 100 Ordinis

176 114 205 131 vel
215 114 271 131 studii
283 115 406 138 predictorum
419 115 521 136 contrariis,
533 121 564 132 seu
577 115 667 132 delatione
679 115 707 132 vel
717 115 832 132 revocatione
842 118 860 132 et
870 115 969 138 privatione
979 115 1000 131 de
1012 114 1050 137 ipso
1060 115 1093 132 sive

177 147 291 165 ordinatione
302 151 320 165 et
332 148 467 171 presentatione
476 148 551 165 alterius
564 148 659 165 baccalarii
669 153 701 171 per
711 147 797 165 Ordinem
811 153 871 169 suum,
883 148 922 164 sive
932 148 985 164 modo
995 153 1094 170 quocunque

177 180 211 197 alio
221 181 281 202 sactis,
291 186 324 204 per
333 187 369 204 que
380 180 497 203 presentibus
509 186 546 197 non
558 186 643 203 expressa
655 180 684 197 vel
694 181 772 197 totaliter
783 186 819 197 non
831 180 898 197 inserta
909 180 982 197 effectus
992 180 1094 202 presentium

176 213 261 237 impediri
275 214 332 231 valeat
344 213 482 236 quomodolibet
496 213 524 230 vel
537 213 612 235 differri)
625 213 701 230 eundem
716 214 814 236 Paganum,
829 213 858 236 qui
873 213 895 230 ab
909 213 978 230 honore
990 213 1031 230 dieti
1045 213 1094 235 magi-

177 247 234 268 sterii,
245 250 265 263 ut
274 246 390 269 premittitur,
402 246 460 263 extitit
474 245 581 267 retardatus,
595 246 662 269 quique
675 246 775 263 secundum
790 246 939 263 consuetudinem
953 245 1006 263 studii
1021 246 1039 262 in
1052 246 1094 264 dicto

176 280 237 297 studio
247 286 297 297 more
307 279 448 296 baccalariorum
458 278 538 302 legendo
548 284 621 296 cursum
632 285 685 296 suum
695 280 714 296 in
724 280 771 296 dieta
780 279 855 296 scientia
865 279 979 296 laudabiliter
989 279 1051 296 dicitur
1060 285 1095 302 per-

176 313 249 333 fecisse,
262 313 302 329 sine
317 318 367 329 more
381 312 477 335 dispendio
490 312 512 329 ad
526 311 613 329 honorem
624 318 731 335 promoveas
744 312 873 335 magistralem,
888 312 922 329 sibi
936 312 1033 335 predictum
1045 313 1095 335 magi-

177 349 252 362 stratum
267 348 285 362 et
299 345 377 362 docendi
394 344 485 361 licentiam
500 345 597 361 conserens
611 345 629 362 iu
643 345 718 362 scientia
732 349 835 362 memorata.
850 346 890 362 Non
905 345 1016 362 obstantibus
1028 345 1095 368 quibus-

177 383 248 400 cunque
258 377 299 394 aliis
308 377 417 394 Parisiensis
427 377 483 394 studii
493 377 565 394 statutis
573 380 590 394 et
598 378 762 395 consuetudinibus
772 378 802 394 vel
812 377 969 395 observationibus
978 378 1095 395 solennitatum

176 410 279 431 contrariis,
294 416 326 433 per
343 416 377 433 que
392 410 462 427 nullum
479 410 596 433 presentibus
613 410 726 427 obstaculum
744 410 863 427 ministretur,
880 411 919 427 Dat.
933 410 1020 427 Avinione
1033 416 1054 428 xv
1065 411 1095 428 kal.

178 443 296 467 Septembris,
307 449 354 461 anno
366 447 423 460 sexto.

223 496 255 512 κερ.
262 496 290 508 ναι
297 496 360 508 Avonion⁴
368 496 432 509 :oh-unit
439 496 477 511 xxn,
484 497 510 509 voi.
518 497 544 510 xv.
552 497 574 509 rol.
580 497 607 509 sn.

178 582 233 601 809.
245 588 317 601 Statutum
326 587 390 606 Capituli
397 587 469 605 generalis
478 587 511 601 ora.
519 587 576 601 cmm.
583 587 601 601 ,ιι
607 587 699 601 „natatibus
706 587 825 601 „mammarum
831 587 851 600 aa
861 587 967 600 vnivmuatem
973 587 1019 601 Pam.
1027 587 1096 605 mittendo,

221 613 235 625 et
242 611 260 625 de
268 611 365 625 construenda
373 611 434 625 ecclesia
441 613 455 625 ιι
462 612 520 629 sabrina
529 613 542 625 S.
551 612 627 625 Romanu,

748 634 785 649 7³²2,
793 634 872 650 Supumhm't
879 635 899 649 72,
906 634 967 647 θίιένοίἰ.

220 675 265 697 Quia
281 675 412 692 Pnrisiensium
426 676 523 692 scolarium
537 675 651 692 honorabilis
666 675 786 696 Universitas,
803 676 855 698 cujus
870 679 898 692 est
911 676 970 698 portio
985 681 1019 692 non
1035 675 1097 693 modica

176 708 256 725 studium
274 709 291 725 S.
308 708 404 729 Beruardi,
422 711 505 731 tanquam
523 709 614 731 quoddam
632 709 704 726 virtutis
721 712 739 725 et
755 709 844 731 sapientie
861 709 937 725 sontnle¹
955 709 1058 732 principium
1073 709 1097 726 sui

175 741 250 758 luminis
265 742 326 759 radios
341 742 410 764 ubique
424 742 536 762 diffundens,
547 742 634 759 mundum
645 741 736 758 illuminat
750 742 855 759 universum
867 742 948 759 :idcirco
962 745 982 759 ut
995 742 1097 765 copiosiores

175 775 236 792 radios
249 775 323 793 luminis
338 775 414 792 scientie
425 775 483 798 possit
493 776 595 797 effundere,
605 775 697 792 universis
708 775 766 792 nosti-i
777 775 852 792 Ordinis
864 775 960 792 abbatibus
970 775 1043 799 precipit
1052 775 1098 797 Capi*

175 808 232 825 tulum
247 808 341 831 generale,
357 809 407 831 quod
419 808 508 825 mittendo
522 809 603 825 scolares
617 808 639 825 ad
655 808 723 825 dictum
739 808 819 825 studium
834 808 923 832 ydoneos,
938 808 1026 832 antiquam
1041 808 1097 825 defini-

175 841 242 858 tionem
254 847 310 865 super
321 841 356 859 hoc
369 841 435 858 editam
448 841 525 864 implere
537 841 641 858 nullatenus
655 841 790 859 intermittant'.
800 841 909 859 Visitatores
921 845 980 859 autem
992 847 1036 865 quos
1047 841 1098 864 negli-

176 878 240 898 gentes
255 875 366 896 invenerint,
382 875 404 891 ad
418 875 453 892 hoc
469 874 571 892 faciendum
587 875 693 892 auctoritate
709 875 788 898 Capituli
805 881 850 898 pena
867 875 984 898 compellant,
996 878 1014 892 et
1028 875 1098 892 rebelles

176 908 195 925 in
204 907 239 925 hoc
250 912 346 925 teneantur
356 908 375 925 in
385 907 470 931 sequenti
481 908 565 931 Capitulo
575 908 658 931 generali
668 907 787 931 proclamare.

221 942 273 963 Item,
289 945 308 958 ut
322 942 370 959 inter
385 941 487 962 studentes,
504 942 570 964 rejecta
588 941 721 964 singularitate,
739 947 817 958 concors
834 942 893 958 unitas
910 941 1021 963 observetur,
1037 941 1099 958 ordinat

177 975 280 997 Capitulum
295 975 389 997 generale,
404 975 454 997 quod
470 980 535 991 omnes
552 975 632 991 scolares
649 975 742 996 decetero,
760 975 796 992 nisi
812 975 916 992 infirmitate
933 975 1014 997 depressi
1029 975 1047 992 in
1059 975 1099 991 lecto

178 1007 293 1029 decumbant,
307 1008 399 1031 magistris
414 1007 530 1024 solummodo
545 1008 637 1024 dumtaxat
649 1008 737 1030 exceptis,
752 1011 786 1025 tam
797 1008 815 1024 in
826 1008 923 1025 refectorio
935 1013 987 1030 quam
996 1008 1099 1025 infirmitorio

178 1041 200 1058 ad
211 1046 317 1058 communes
327 1046 417 1064 expensas
427 1040 483 1057 burse
494 1040 549 1057 simul
558 1041 662 1062 comedant3
674 1044 692 1058 et
702 1044 721 1057 ut
733 1041 793 1058 omnia
806 1041 909 1058 necessat-ia
922 1041 992 1064 possint
1001 1041 1063 1058 eisdem
1073 1046 1100 1064 per

179 1074 272 1091 cellarium
282 1074 378 1091 commode
392 1073 497 1094 ministrari,
511 1073 589 1096 quilibet
600 1074 677 1091 scolaris
691 1080 723 1097 pro
736 1074 791 1091 bursa
802 1074 938 1097 quatuordecim
950 1074 1004 1091 libras
1015 1074 1099 1097 parisiens.

179 1107 231 1124 annis
242 1107 321 1129 singulis
331 1106 477 1123 ministrantibus
488 1107 582 1129 assignare
591 1110 681 1124 teneatur.

224 1140 277 1161 item,
288 1142 307 1156 ut
319 1140 339 1156 in
352 1142 387 1156 tam
402 1139 492 1162 solempni
506 1138 548 1156 loco
561 1139 662 1162 solempnis
678 1139 755 1156 ecclesia
770 1140 832 1157 divino
847 1140 903 1157 cultui
917 1140 1017 1163 deputanda
1028 1140 1063 1157 fieri
1074 1145 1101 1163 per

181 1173 261 1190 fidelium
276 1178 397 1195 personarum
410 1172 487 1189 liberale
504 1172 606 1189 subsidium
624 1176 740 1195 procuretur,
756 1173 841 1190 concedit
857 1173 942 1195 generale
959 1173 1056 1196 Capitulum
1070 1173 1101 1190 illis

181 1205 272 1226 omnibus,
287 1205 318 1228 qui
333 1205 355 1222 de
371 1205 425 1222 bonis
441 1204 476 1222 sibi
490 1211 500 1222 a
513 1205 552 1222 Deo
567 1205 637 1222 collatis
652 1205 675 1222 ad
690 1205 757 1222 dietum
775 1205 866 1222 edificium
885 1206 1024 1223 construendum
1042 1206 1101 1228 aliquid

180 1238 286 1259 obtulerint,
300 1238 372 1261 plenam
385 1237 541 1261 participationem
554 1238 635 1255 omnium
648 1237 738 1255 honorum
752 1238 881 1261 spiritualium,
891 1244 927 1261 que
937 1238 1002 1255 ibidem
1016 1242 1032 1255 et
1042 1239 1060 1256 in
1069 1242 1100 1256 toto

179 1271 248 1288 Ordine
263 1270 308 1288 fient
321 1271 407 1288 deeetero
422 1271 441 1288 in
453 1271 489 1289 vita
504 1276 567 1288 eorum
581 1270 650 1293 pariter
661 1274 680 1288 et
693 1271 711 1288 in
722 1274 791 1288 morte:
801 1271 865 1288 volens
878 1271 926 1294 quod
939 1277 994 1294 super
1005 1271 1037 1289 hoc
1050 1272 1101 1289 littere

179 1304 272 1320 inductive
285 1304 307 1320 ad
320 1304 403 1321 diversas
418 1304 520 1327 dirigantur
533 1303 644 1327 provincias,
656 1307 675 1321 et
686 1310 695 1321 a
708 1310 779 1321 summo
792 1304 877 1326 pontifice
889 1304 1000 1327 indulgentie
1014 1310 1064 1327 super
1072 1305 1101 1322 hoc
