1273 1538
177 60 209 76 530
464 65 621 77 CHARTULAMUM
640 66 734 77 uiuvnns⁴
752 67 816 78 viius*
1048 60 1093 78 [1342

180 119 250 139 1064.
262 125 335 138 smmum
344 125 443 138 mmmmm
451 125 499 139 Paris.
507 125 525 138 «ιε
532 125 623 138 stationarii,
632 127 646 138 ει
652 125 721 138 ιιίηιηῖεΔ

759 164 796 179 1342,
804 164 862 177 σηοω,
869 164 881 178 θ,
889 163 963 181 [wamy.

223 200 318 217 Universis
329 203 424 223 presentes
434 200 503 216 litteras
514 200 624 222 inspecturis
635 200 744 217 universitas
754 200 882 223 magistrorum
893 203 910 216 et
919 200 1012 217 scolarium
1021 200 1094 217 Parisius

179 233 290 250 studentium
302 233 378 250 salutem
388 233 407 249 in
417 233 501 249 Domino.
516 233 569 249 Gravi
580 233 693 254 querimonia
705 238 759 249 aures
769 236 840 249 nostras
851 233 912 255 sepius
924 233 1037 255 propulsante
1046 238 1095 255 super

179 271 200 282 eo
212 266 259 288 quod
270 271 303 288 per
313 266 375 282 dolum
388 269 406 282 et
414 265 496 282 fraudem
506 265 653 282 stationariorum
663 269 682 282 et
691 265 813 285 librariorum,
824 266 905 288 quamvis
915 269 975 282 eontra
984 271 1044 282 eorum
1050 266 1095 287 jnra-

179 302 245 319 menta,
260 298 383 321 contingebat,
399 298 497 321 magistros
510 301 528 314 et
540 298 620 315 scolares
634 298 786 321 quamplurimum
801 298 911 319 defraudari,
926 299 1002 320 prefatos
1017 298 1094 315 librarios

179 334 196 347 et
206 331 321 348 stationarios
332 334 386 353 prout
395 331 417 347 ad
427 336 461 347 nos
472 330 555 353 pertinet,
568 336 628 347 coram
641 331 732 353 deputatis
741 337 750 347 a
761 331 814 347 nobis
826 331 902 347 fecimus
914 331 1013 351 convocari,
1023 334 1042 347 ut
1050 331 1095 353 juxta

179 363 253 380 verbum
264 363 363 380 Salvatoris
373 363 399 380 sic
409 363 500 380 dicentis:
510 370 518 379 ι(
527 363 640 380 Descendam
650 367 668 380 et
677 363 744 380 videbo
755 367 815 380 utrum
825 363 927 384 clamorem,
937 363 967 385 qui
977 363 1024 380 venit
1035 363 1055 380 ad
1064 369 1094 384 me,

179 401 234 418 opere
248 396 388 418 compleverint¹
399 403 414 416 n,
429 396 512 412 viderent
526 396 541 413 si
554 396 635 418 predicta
650 396 724 413 veriunte
739 396 847 413 niterentur⁴
863 396 926 413 Coram
936 395 1001 418 quibus
1014 396 1095 418 deputatis

178 431 310 451 comparentes,
323 431 342 445 et
353 429 380 445 eis
393 428 491 451 diligenter
502 428 590 451 expositis
602 428 683 445 articulis
696 434 758 445 eorum
771 428 829 445 officia
842 428 963 451 tangentibus,
974 434 1026 451 super
1036 428 1095 451 quibus

178 461 222 478 alias
236 461 353 483 prestiterant
364 462 473 484 juramenta,
487 461 553 484 reperti
567 461 642 478 fuerunt
656 461 728 484 quidam
743 467 807 478 eorum
821 467 892 478 errasse
906 464 924 478 et
937 467 1019 484 peccasse
1033 464 1064 477 tam
1076 467 1095 478 ex

179 497 285 511 statutorum
298 494 407 517 ignorantia,
421 497 440 510 ut
452 494 542 515 dicebant,
555 500 607 516 quam
620 494 769 517 interpretatione
781 494 899 516 quorun-idam
914 497 1016 511 statutorum
1029 499 1059 516 per
1068 500 1096 511 eos

177 527 222 544 sacta
235 530 296 544 contra
309 530 388 544 mentem
398 530 416 543 et
425 527 555 544 conscientiam
568 527 670 544 statuentis*
684 527 707 543 Et
718 527 759 549 quia
770 533 817 544 anno
828 527 910 549 quolibet
918 528 946 544 vel
956 527 1037 549 quotiens
1048 527 1096 544 nobis

178 560 273 583 placuerit,
285 563 377 581 tenentur,
388 563 408 576 ut
421 560 465 582 ipsis
480 560 503 576 sit
516 566 579 577 recens
591 560 684 581 memoria,
698 565 785 577 renovare
795 560 902 582 juramenta,
916 563 1024 582 quatuorque
1036 560 1095 582 princi-

178 593 228 615 pales
241 598 274 615 per
283 598 318 609 nos
331 593 375 615 eligi
388 592 461 613 debent,
474 592 503 609 vel
517 592 560 609 alias
573 593 625 609 electi
638 592 741 609 confimari
753 592 775 609 ad
787 593 883 610 taxandum
893 592 956 614 libros,
966 593 989 609 ita
1001 593 1047 615 quod
1055 593 1095 609 nulli

178 626 208 642 alii
216 626 269 642 liceat
278 625 336 642 libros
346 629 406 642 taxare
416 625 497 642 Parisius
507 625 542 642 nisi
552 625 597 642 tales
608 628 685 648 quatuor
696 625 787 647 duntaxat,
796 626 895 642 secundum
906 626 954 648 quod
964 625 995 642 hec
1005 626 1022 642 in
1032 626 1096 642 statutis

178 658 222 675 alias
237 664 270 681 per
283 663 318 674 nos
333 663 389 680 super
402 657 437 674 hoc
453 658 505 674 sactis
521 658 575 674 latius
588 658 728 674 continentur¹:
739 658 781 675 hinc
797 661 825 675 est
838 658 887 680 quod
902 664 936 675 nos
951 664 1005 681 super
1017 658 1096 680 predictis

178 690 250 708 salubre
261 691 362 707 remedium
374 690 460 707 adhibere
474 691 575 713 cupientes,
586 691 679 713 predictos
692 690 777 708 librarios
789 693 807 707 et
817 691 931 708 stationarios
943 691 965 707 ad
975 694 1050 708 nostram
1058 697 1096 708 eon-

178 724 303 746 gregationem
317 723 422 746 generalem
435 723 544 740 celebratam
557 729 607 740 more
620 723 675 740 solito
690 723 738 746 apud
753 724 836 740 Sanctum
852 724 959 740 Maturinum
974 729 1018 740 anno
1032 724 1096 740 Domini

178 756 300 778 MCCCXLII,
308 760 358 773 sexm
367 756 396 773 die
404 755 496 778 Octobris,
507 756 584 773 fecimus
592 756 695 778 convocari,
704 759 721 773 et
731 756 806 773 cuilibet
816 757 904 779 ipsorum,
915 760 967 780 prout
976 762 1008 774 suo
1017 756 1097 774 incumbit

178 790 245 811 officio,
252 790 304 806 tactis
315 790 436 807 sacrosanctis
447 789 552 812 Evangeliis
561 789 639 806 fecimus
646 790 709 812 jurare
716 790 819 812 juramenta
829 796 864 812 que
875 793 970 807 secuntur:

222 823 298 844 Primo',
310 822 359 845 quod
373 822 452 839 fideliter
466 825 484 839 et
497 822 578 845 legitime
593 822 687 839 habebunt
700 822 757 839 libros
771 822 844 839 venales
857 822 967 845 recipiendo,
980 822 1096 843 custodiendo,

178 855 285 878 exponendo
296 859 314 872 et
323 855 420 872 vendendo
430 855 511 872 eosdem.

222 889 273 910 ltem,
288 888 337 911 quod
352 888 410 905 libros
424 888 499 905 venales
513 893 550 905 non
564 888 679 911 suppriment
691 893 725 905 nec
739 888 831 909 celabunt,
845 888 877 905 sed
890 888 940 911 ipsos
953 894 1023 911 semper
1034 888 1071 905 leco
1082 891 1098 905 et

178 924 259 944 tempore
270 925 362 944 exponent
370 921 442 944 quando
453 924 544 944 petentur.
652 937 655 939 t

222 955 274 975 Item,
285 955 335 977 quod
347 955 363 971 si
373 960 383 971 a
392 954 520 971 venditoribus
532 954 562 971 vel
571 954 667 971 venditore
678 960 734 977 super
743 954 849 971 venditione
859 954 901 971 libri
913 954 941 971 vel
951 954 1035 971 librorum
1046 954 1098 971 vocati

177 987 245 1003 suerint
258 987 286 1004 vel
301 987 392 1010 requisiti,
405 987 518 1004 extimabunt
532 990 550 1003 et
564 987 626 1004 dicent
640 987 687 1004 bona
702 987 738 1004 fide
753 987 843 1004 mediante
857 987 921 1004 salario
936 989 1018 1009 quantum
1032 987 1099 1004 credent

177 1019 244 1036 librum
255 1019 283 1037 vel
295 1020 353 1037 libros
361 1020 383 1036 ad
393 1020 508 1037 vendendum
522 1020 601 1036 oblatum
612 1020 641 1037 vel
653 1020 725 1037 oblatos
732 1020 783 1043 justo
795 1023 813 1037 et
822 1020 904 1042 legitimo
914 1020 975 1042 precio
983 1025 1035 1042 posse
1043 1020 1098 1040 vendi,

178 1055 198 1069 ut
207 1058 240 1075 pro
251 1053 278 1069 eis
289 1058 349 1069 emere
360 1052 434 1073 vellent,
445 1053 461 1069 si
471 1053 547 1069 facultas
556 1058 576 1069 se
586 1053 666 1069 offerret.

223 1086 275 1106 Item,
288 1085 337 1108 quod
350 1085 430 1108 precium
445 1085 487 1102 libri
499 1085 569 1102 venalis
581 1088 598 1102 et
610 1091 678 1102 nomen
691 1086 740 1102 illius
752 1086 805 1108 cujus
816 1089 844 1102 est
853 1085 900 1102 liber
909 1086 927 1102 in
939 1086 996 1108 aliqua
1006 1089 1052 1108 parte
1061 1086 1099 1102 libri

179 1121 250 1141 patente
261 1118 339 1135 intuenti
350 1121 425 1141 ponent,
435 1118 451 1135 si
461 1118 505 1135 velit
515 1118 605 1135 venditor.

223 1152 274 1172 Item,
286 1151 335 1174 quod
349 1157 390 1168 cum
403 1151 461 1168 libros
474 1151 596 1172 vendiderint,
607 1157 640 1168 eos
653 1157 690 1168 non
704 1151 824 1174 assignabunt
836 1157 858 1168 ex
870 1154 914 1172 toto,
926 1158 959 1168 nec
971 1152 1074 1169 transferent
1083 1152 1099 1168 in

178 1187 276 1207 emptores,
288 1190 322 1201 nec
332 1184 413 1207 precium
423 1184 513 1207 recipient
522 1189 555 1206 pro
569 1184 646 1205 eisdem,
657 1184 715 1201 donec
728 1184 878 1201 denunciaverint
887 1185 976 1201 venditori
985 1185 1012 1201 vel
1025 1185 1099 1201 mandato

178 1223 219 1238 suo,
230 1217 279 1240 quod
290 1217 371 1240 precium
381 1216 442 1233 veniat
452 1220 559 1239 recepturus
569 1217 584 1234 si
595 1217 640 1234 velit
649 1220 666 1234 et
676 1217 716 1240 ejus
727 1217 779 1240 copia
788 1217 883 1234 commode
892 1218 950 1240 possit
959 1217 1025 1234 haberi,

222 1251 273 1271 Item,
285 1250 335 1272 quod
348 1250 370 1266 de
384 1250 445 1272 precio
460 1255 493 1272 pro
506 1249 554 1266 libro
568 1250 596 1267 vel
609 1250 662 1267 libi-is
675 1250 736 1267 oblato
749 1256 812 1272 puram
825 1253 843 1267 et
855 1250 953 1273 simplicem
965 1251 1003 1267 sine
1015 1250 1073 1267 fraude
1085 1254 1100 1267 et

179 1283 273 1300 mendacio
284 1283 345 1300 dicent
355 1283 455 1300 veritatem

223 1316 277 1333 Item*
288 1316 337 1339 quod
350 1315 413 1333 nullus
426 1316 513 1333 librarius
525 1316 592 1333 librum
606 1315 689 1333 venalem
703 1316 805 1338 expositum
819 1316 841 1333 ab
854 1316 889 1333 alio
901 1317 973 1334 librario
984 1317 1065 1340 magistro
1074 1316 1099 1334 vel

240 1345 261 1357 6¹1.
554 1348 557 1351 “
