1273 1538
181 61 223 79 1331]
372 68 395 78 m
412 67 464 78 Anno
482 67 599 78 mcccxxxvi
616 67 683 82 usquc
700 68 724 79 an
741 68 811 80 annun
828 68 899 80 necet„
1068 63 1100 80 387

180 104 253 126 phisicos
262 104 374 120 Pnrisienses
386 106 404 120 ct
415 103 515 125 quemlibet
526 109 595 124 eorum,
607 98 704 126 magistros
717 104 735 120 iu
748 104 794 120 dicta
807 103 890 120 facultate
904 107 995 126 regentes,
1006 107 1024 121 et
1037 110 1099 121 eorum

179 136 271 159 quemlihet
280 137 398 153 communiter
410 139 429 152 et
442 136 515 153 divisim
525 136 543 152 in
555 139 640 158 quantum
653 136 747 158 negotium
762 136 808 153 infra
822 136 909 158 scriptum
925 137 981 159 tangit
995 140 1012 153 et
1025 140 1099 159 tangere

179 173 233 192 potest
242 169 304 186 dictam
314 168 415 186 fiacnltatem
426 169 514 191 ipsosque
524 168 622 190 magistros
632 168 650 184 in
660 168 741 191 generali
754 168 874 185 communiter
886 171 903 185 et
916 168 967 185 etiam
982 168 1100 191 singulariter-

179 206 194 219 et
203 202 276 222 divisim,
287 205 303 218 et
317 205 378 218 contra
394 201 492 224 quamlibet
505 201 604 224 legitimam
615 207 711 223 personam
722 207 754 223 pro
769 201 814 224 ipsis
829 204 846 218 et
857 207 918 218 eorum
932 200 1014 223 quolibet
1023 201 1099 218 interve-

179 235 257 255 nientem,
269 240 315 255 reos,
324 235 373 258 quod
382 234 474 251 communi
485 234 529 251 usu²
540 237 558 251 et
567 234 609 256 jure
619 239 653 250 suo
664 237 682 251 et
691 233 799 251 cancellarie
809 240 842 250 sue
854 234 935 256 predicte
945 234 967 251 ad
980 234 1046 251 dictum
1058 236 1100 250 canss

179 268 263 285 cellarium
273 268 341 285 ratione
352 274 384 285 sue
394 267 502 284 cancellarie
512 267 594 290 predicte
604 268 681 290 ejusque
695 267 845 290 predecessorum
861 267 1010 284 cancellariorum
1020 267 1098 285 ecclesie

178 301 278 318 Parisicnsis
292 301 338 318 inter
352 304 421 317 ceteras
436 301 495 323 ipsius
509 300 617 317 cancellarie
630 300 755 323 prerogativas
772 300 865 323 pertinuit,
882 301 960 323 pertinet
976 304 994 317 et
1011 301 1100 323 pertineat

178 334 217 351 dare
224 337 240 351 et
249 334 348 351 concedere
358 334 376 350 in
386 339 500 356 quacumque
509 333 593 350 facultate
601 333 729 350 Universitatis
738 333 846 350 Parisiensis
854 337 871 350 et
879 333 982 358 specialiter
990 334 1007 350 in
1016 333 1099 351 facultate

178 367 259 383 medicine
268 366 349 383 licentias
359 366 473 383 licentiaudis
484 369 502 383 et
511 366 598 382 hacteuus
608 366 706 383 licentiatis
716 366 735 382 in
744 365 828 383 facultate
840 366 927 389 predicta,
942 366 1036 389 possitque
1050 366 1098 383 idem

178 399 288 416 cancellarius
297 405 317 416 :tc
328 402 425 421 potuerunt
434 400 473 421 ejus
485 399 626 422 predecessores
636 399 739 416 cancellarii
749 398 869 419 Parisienses,
884 399 961 421 quilibet
973 405 1005 422 pro
1018 402 1099 422 tempore

178 439 214 453 sno,
221 432 260 449 dare
268 432 357 449 licentiam
365 437 398 449 seu
406 432 495 452 licentius,
502 432 614 448 examinatis'
622 432 707 455 primitus
715 431 807 454 magistris
815 431 863 448 dicte
871 432 960 449 facultatis
969 438 1005 448 non
1013 432 1098 449 omnibus

179 465 280 485 necessarie,
291 464 323 482 scd
333 468 386 487 prout
396 464 455 481 eidem
466 464 574 481 cancellario
585 464 603 481 in
613 464 725 481 conscientia
736 470 767 481 sua
781 467 799 481 et
812 464 912 481 secundum
927 470 965 481 eam
975 464 1034 481 visum
1044 465 1099 481 fuerit

178 497 203 514 vel
210 491 296 514 vide-ffiur
306 497 398 520 expedire,
406 500 424 514 et
432 497 491 514 habita
502 503 558 520 super
567 497 601 514 hoc
612 497 739 514 informatione
745 498 795 519 juxta
804 500 871 514 motum
880 497 992 514 conscientie
1000 503 1032 514 sue
1041 497 1100 522 possit

178 530 220 547 idem
230 530 345 547 cancellarius
355 530 397 547 illos
407 530 533 551 licentiandos,
543 536 589 553 quos
597 530 708 553 reputaverit
716 530 792 547 idoneos
803 534 820 547 et
830 530 877 547 bene
887 531 968 551 meritos,
977 530 999 547 ad
1010 530 1103 554 licentiam-

178 563 264 580 admittere
274 566 290 579 et
301 563 350 585 ipsos
361 563 379 579 in
390 563 436 580 dicta
446 563 530 580 facultate
543 563 642 584 licentiare,
653 563 777 586 indignosque
791 563 881 586 repellere
892 569 901 580 a
914 563 985 580 licentia
995 563 1099 580 obtinenda,

218 596 259 612 ltcm
270 599 286 612 et
296 596 344 618 quod
359 601 422 612 omues
433 596 515 618 magistri
526 596 653 613 Universitatis
663 596 772 613 Parisiensis
784 599 803 613 et
815 596 918 618 specialiter
930 596 948 612 in
964 596 1046 613 facultate
1059 601 1100 618 pre<v

178 628 221 645 dicte
232 628 326 647 medicine,
337 635 377 645 cum
392 632 409 645 et
424 629 496 651 quoties
510 629 528 645 in
543 628 590 646 dicta
599 629 683 646 facultate
698 634 741 645 suas
754 629 837 646 licentias
849 632 993 652 consequuntur,
1005 629 1067 651 jurant
1083 632 1101 647 et

175 661 231 683 jurare
240 665 372 678 consueverunt
385 665 403 678 et
416 664 501 678 tenentur
512 661 529 678 in
540 661 578 684 ipsa
592 661 665 678 licentia
680 661 778 679 obtinenda
793 667 826 678 sen
840 665 880 679 actu
895 662 1000 679 lieentiandi
1013 661 1100 678 articulos

178 694 218 710 infra
228 694 303 716 scriptos
312 700 316 710 z

218 727 238 743 Et
247 727 303 749 primo
313 727 362 749 quod
373 727 391 743 in
402 726 451 743 nullo
466 732 486 743 se
499 727 627 749 obligaverunt
639 727 667 743 vel
681 727 788 750 obligabunt
801 727 850 750 quod
863 727 886 744 sit
896 731 958 744 contra
972 727 1099 744 cancellarium
1120 740 1121 747 ,

178 760 291 776 Parisiensem
300 765 332 782 pro
341 763 429 782 tempore,
438 763 553 782 potestatem,
561 760 645 782 jurisque
655 759 758 777 libertatum
767 763 784 777 et
794 760 932 777 franchisiaruin
943 760 986 777 dicti
996 760 1100 777 cancellarii

178 793 247 815 ejusque
257 792 361 809 cancellarie
373 792 453 815 predicte
463 792 602 809 diminutionem
613 796 643 809 aut
653 793 798 815 derogationem,
808 793 837 810 vel
852 793 901 815 quod
913 793 958 810 alias
968 793 986 809 in
998 793 1046 815 juris
1058 799 1100 810 can-

178 825 243 842 cellarie
259 831 291 842 sne
307 825 427 847 prejudicium
445 825 511 842 cedere
525 825 649 848 dignoscatur,
664 825 749 848 quodque
762 825 818 842 nichil
831 825 963 848 attemptabunt
975 826 1023 842 unde
1043 826 1100 844 libera

178 861 250 880 potestas
263 861 280 874 et
292 857 398 874 examinatio
409 857 491 880 ejusdem
504 857 607 874 cancellarii
618 858 757 880 quomodolibet
767 858 858 874 minuatur
867 858 897 874 vel
907 858 959 875 etiam
972 858 1099 881 restringatur,

178 891 255 913 quodque
264 896 273 907 a
283 890 390 907 bachalariis
400 890 516 907 licentiandis
527 890 631 907 nullatenus
643 890 718 913 exigent
730 890 855 913 probationem
867 890 896 907 vel
909 891 1053 907 informationem
1067 891 1099 907 ali-

177 929 224 945 quam
234 923 255 940 de
265 927 345 946 tempore
355 923 453 940 auditionis
464 923 577 940 eorumdem.

216 957 275 973 Jurant
284 956 359 979 insuper
369 959 386 973 et
393 956 455 978 jurare
466 955 488 972 ad
498 958 559 972 sancta
567 955 600 972 Dei
610 955 704 978 evangelia
712 959 847 972 consueverunt
855 956 873 972 in
881 956 920 972 suis
928 956 1014 978 predictis
1022 956 1100 973 licentiis
1115 963 1116 966 ¹

177 989 274 1006 obtinendis
283 989 332 1011 quod
339 989 380 1011 jura
388 988 492 1005 cancellarii
500 992 518 1005 et
526 988 632 1005 cancellarie
641 988 750 1005 Parisiensis
759 988 860 1011 privilegia,
869 988 1012 1005 consuetudines
1020 992 1038 1005 et
1045 988 1101 1005 liber-

178 1025 217 1039 tates
226 1022 282 1044 ipsius
291 1021 342 1038 illesa
358 1025 375 1038 et
384 1021 446 1037 illesas
461 1021 585 1038 observabunt
598 1021 620 1038 ad
629 1027 762 1043 quemcumque
776 1024 841 1038 statum
857 1021 970 1042 devenerint,
983 1027 1016 1038 nec
1030 1021 1066 1038 illis
1080 1027 1099 1038 se

177 1058 261 1077 opponent
275 1060 307 1077 per
316 1060 337 1071 se
346 1054 375 1071 vel
385 1060 417 1076 per
427 1054 482 1070 alium
493 1054 562 1071 directe
574 1054 603 1071 vel
613 1054 708 1075 indirecte,
720 1054 790 1071 occulte
805 1053 834 1070 vel
844 1054 939 1071 manifeste
952 1060 1025 1076 quoquo
1039 1054 1099 1071 modo.

215 1088 274 1104 Jurant
284 1087 359 1110 insuper
368 1090 386 1104 et
391 1087 452 1109 jurare
461 1090 597 1103 consueverunt
604 1087 653 1109 quod
660 1087 735 1103 venient
742 1087 764 1103 ad
772 1086 905 1109 perhibendum
914 1086 967 1103 fidele
976 1087 1099 1104 testimonium

176 1120 229 1137 eidem
239 1120 344 1137 cancellario
354 1120 377 1137 de
387 1119 495 1136 baclialariis
505 1119 620 1136 licentiandis
630 1119 649 1136 in
659 1119 722 1136 eadem
732 1119 816 1136 facultate
830 1119 980 1142 quotiescumque
991 1123 1009 1136 et
1021 1119 1101 1142 quando-

176 1159 246 1175 cumque
256 1159 287 1175 per
297 1153 424 1169 caticellarinm
434 1152 563 1173 Parisiensem,
577 1152 607 1175 qui
618 1156 646 1169 est
656 1152 685 1169 vel
695 1153 726 1175 qui
740 1152 775 1169 erit
787 1158 821 1175 pro
833 1155 922 1174 tempore.v
933 1152 1000 1169 fuerint
1009 1152 1099 1174 requisiti,

176 1185 237 1208 absque
246 1191 333 1202 annorum
344 1185 461 1202 distinctione
471 1185 500 1202 vel
510 1185 598 1208 temporis
609 1185 715 1202 definitione
725 1185 877 1208 quibuscumque.
1094 1203 1097 1204 γ

215 1219 263 1239 Item,
271 1219 333 1241 jurant
342 1222 360 1235 et
367 1219 429 1241 jurare
439 1222 576 1235 consueverunt
586 1224 659 1235 servare
675 1224 737 1241 pacem
751 1222 770 1235 et
782 1218 931 1241 tranquillitatem
946 1218 964 1234 in
978 1218 1039 1234 studio
1054 1218 1101 1235 Pari-

175 1251 226 1267 siensi
236 1254 253 1268 et
263 1251 316 1268 studii
327 1251 415 1274 ejusdem⁴

215 1284 330 1306 ltein,jurant
337 1288 355 1301 et
362 1285 422 1307 jurare
430 1288 573 1306 consueverunt,
581 1285 653 1307 quando
661 1285 684 1302 ad
691 1285 775 1302 licentias
783 1288 920 1308 promoventur,
928 1285 976 1307 quod
985 1285 1000 1302 si
1008 1285 1102 1308 contingat

176 1322 205 1333 eos
214 1317 231 1333 in
242 1317 287 1333 dicta
296 1317 380 1334 facultate
390 1317 477 1341 incipere,
489 1317 553 1341 legent
562 1318 635 1335 duobus
649 1318 702 1335 aunis
716 1319 810 1339 continue,
820 1319 849 1336 vel
862 1318 883 1335 ad
899 1318 959 1335 minus
974 1324 983 1335 a
997 1318 1044 1335 festo
1054 1318 1102 1342 beati
