1273 1538
174 50 209 67 376
467 55 624 67 crun'runnwn
642 55 736 67 uurvsns.
757 55 820 67 nnis.
1051 48 1095 67 [1331

176 97 229 114 quem
245 92 263 108 in
278 91 365 108 arbitrum
380 91 453 108 nomine
466 92 590 114 procuratorio
603 92 725 114 predictorum
738 92 853 108 dominorum
868 98 948 109 meorum
961 95 979 108 et
988 97 1019 114 pro
1030 91 1072 113 ipsis
1081 94 1096 108 et

176 124 198 140 ad
208 124 295 141 cautelam
306 124 355 147 eligo
365 130 387 141 ex
397 130 445 141 nunc
455 130 511 147 super
520 124 621 146 premissis.

221 157 291 179 Quibus
306 157 407 174 rationibus
420 163 452 174 seu
466 156 612 173 recusationibus
625 157 651 173 sic
665 156 762 179 assignatis
776 160 794 173 et
807 157 912 179 propositis,
925 162 947 173 ne
960 156 1007 173 idem
1019 156 1096 173 dominus

176 190 296 206 cancellarius
309 195 341 206 seu
355 189 414 206 <lictus
428 189 515 211 magister
528 190 591 206 Petrus
605 195 672 211 gerens
685 195 705 206 se
718 195 751 211 pro
763 189 834 206 officiali
845 195 878 206 seu
888 189 1011 206 commissario
1021 189 1095 211 ejusdem

176 225 238 239 contra
251 222 302 245 ipsos
314 221 426 245 appellantes
440 221 517 238 ulterius
530 221 552 238 de
564 222 617 242 sacto,
631 228 671 238 cum
682 222 705 238 de
715 222 756 244 jure
767 227 803 238 non
814 222 879 244 possit,
891 225 953 244 posset
963 221 1065 243 procedere,
1077 221 1097 238 ad

177 261 209 272 vos
219 258 237 272 et
246 255 359 272 audienciam
369 258 447 272 vestram
460 254 582 277 procuratoris
595 254 700 271 eorumdem
713 254 842 277 appellantium
852 254 924 271 nomine
935 258 952 271 et
962 260 994 277 pro
1004 253 1047 277 ipsis
1056 254 1096 271 infra

177 291 248 310 tempus
258 287 339 304 debitum
350 287 430 310 legitime
441 287 545 310 provocavit
555 290 572 304 et
581 287 679 309 appellavit
689 290 707 304 et
716 287 809 310 apostolos
819 293 858 304 eum
870 287 956 304 instancia
970 287 1020 309 petiit
1031 287 1096 304 nomine

177 325 213 342 quo
223 325 277 342 supra
287 319 322 336 sibi
333 319 377 340 dari,
387 323 441 342 prout
450 320 468 336 in
479 320 599 336 instrumento
607 325 663 342 super
673 320 720 336 dicta
730 320 859 342 provocatione
869 320 951 336 consecto
961 325 980 336 ac
990 320 1041 342 signo
1051 319 1097 336 Guil-

176 351 226 368 lelrni
241 352 335 374 Marpaud't
349 352 413 369 notarii
428 352 495 375 publici
511 352 582 375 signato
597 351 670 374 plenius
684 352 793 369 continetur.

222 385 266 401 ltem
276 384 326 407 quod
335 384 456 407 appellatione
470 390 502 401 seu
516 384 643 407 provocatione
654 385 680 401 sie
690 385 796 407 interposita
810 385 857 401 idem
871 384 956 408 magister
966 385 1028 401 Petrus
1037 390 1097 406 gerens

178 423 197 433 se
208 423 240 439 pro
251 417 322 434 officiali
336 423 368 434 seu
382 417 508 434 commissario
521 417 563 434 dicti
576 417 645 434 domini
658 417 761 434 cancellarii
774 420 815 440 post
825 421 843 434 et
852 420 913 434 contra
925 417 1060 440 appellationem
1068 423 1097 434 seu

177 449 324 472 provocationem
339 450 446 467 antedictam
462 450 521 467 dictos
536 449 647 472 appellantes
663 450 685 466 de
699 450 752 470 sacto,
766 456 807 466 cum
822 450 845 466 de
857 450 899 472 jure
914 455 950 466 non
965 450 1027 472 possit.
1041 453 1098 466 contu-

178 488 238 498 maces
248 482 344 504 reputavit.

222 515 266 531 Item
276 514 339 531 dicunt
349 514 391 531 dicti
402 514 514 537 appellantes
524 515 573 537 quod
583 515 672 537 quidquid
680 514 815 537 jurisdictionis
825 515 885 531 dictus
895 515 979 531 dominus
989 515 1098 532 cancellarius

178 547 231 564 habet
241 553 273 564 seu
284 547 351 564 habere
361 550 422 570 potest
430 548 511 564 Parisius
522 553 553 564 seu
565 547 624 564 dictus
633 547 720 570 magister
728 548 799 568 Petrus,
808 547 872 564 dicens
880 553 900 564 se
908 548 948 570 ejus
957 547 1042 568 officialis,
1051 547 1098 564 habet

177 585 209 596 seu
220 580 287 596 habere
297 583 364 602 potest,
377 583 395 596 et
408 580 448 602 ipse
461 583 480 596 et
492 580 521 597 sui
533 580 675 602 predecessores
685 580 788 597 cancellarii
799 580 877 597 ecclesie
887 580 994 597 Parisiensis
1006 580 1099 597 hahuerunt

177 616 195 629 et
204 612 271 629 habere
284 615 425 633 consueverunt,
438 612 506 629 habent
518 616 534 629 et
548 615 616 633 tenent,
628 612 696 629 habere
709 615 727 629 et
740 615 802 629 tenere
815 615 956 632 consueverunt,
969 615 1048 635 tanquam
1061 613 1098 629 sub-

158 655 160 672 Ἰ-
177 645 237 661 dictus
247 650 279 661 seu
290 644 369 661 suhdicti
379 647 397 661 et
404 645 508 667 juramento
518 644 610 662 fidelitatis
620 645 705 661 astrictus
715 650 748 661 seu
758 645 827 661 astricti
838 645 938 662 reverendo
951 645 996 668 patri
1006 645 1024 661 in
1033 645 1098 662 Christo

176 683 196 694 ac
207 678 281 694 domino
291 677 389 694 Parisiensi
400 677 505 700 [episeopo]‚
520 677 542 694 ab
552 678 629 700 ipsoque
641 678 750 695 cancellario
763 681 781 695 et
796 678 836 700 ejus
851 678 922 695 officiali
937 684 969 694 seu
983 678 1098 695 commissario

158 730 159 733 Ἰ
177 710 199 727 ad
216 716 255 731 vos⁷
270 710 344 727 domine
359 710 441 727 officialis
456 710 544 733 predicte,
560 716 581 727 ex
596 714 646 733 parte
665 716 822 733 quorumcumque
836 710 904 727 ibidem
919 710 941 727 ad
951 711 1038 733 judicium
1052 711 1097 727 etiam

177 743 196 760 in
212 747 252 760 actu
266 743 362 760 scolastico
377 746 492 760 evocatorum
507 747 591 766 tanquam
605 743 664 766 ipsius
678 743 747 760 domini
760 743 864 760 cancellarii
880 747 897 760 et
911 744 950 766 ejus
960 743 1040 760 officialis
1053 749 1099 766 supe

178 776 244 794 riorem
255 780 315 800 potest
325 780 343 793 et
352 776 395 793 lieet
405 776 492 799 appellari
503 780 538 793 tam
548 776 571 794 de
582 777 624 799 jure
638 783 691 799 quam
705 777 728 794 de
739 782 772 794 usu
783 780 801 793 et
812 777 884 799 antiqua
894 783 914 794 ac
923 776 1019 800 approbata
1032 782 1099 794 consue-

178 809 241 826 tudine
250 809 301 831 ville,
312 809 389 826 civitatis
399 812 417 826 et
427 809 507 826 diocesis
517 809 633 831 Parisiensis,
644 809 663 826 in
670 810 702 832 jus
711 815 763 827 versa
773 813 791 826 et
801 809 853 826 etiam
864 809 945 832 legitime
955 809 1057 832 prescripta.

223 843 267 859 Item
278 842 328 865 quod
337 848 370 859 vos
380 845 398 859 et
408 842 550 865 predecessores
564 842 619 859 vestri
632 842 718 859 officiales
731 842 845 859 Parisienses
855 842 900 860 estis
911 845 928 859 et
939 842 999 859 fuistis
1009 845 1026 859 et
1034 843 1100 859 suerunt

177 875 196 892 in
213 875 332 898 possessione
349 875 378 892 vel
394 875 446 898 quasi
463 875 595 898 appellationes
611 875 729 898 interpositas
745 875 907 898 qualitercumque,
925 878 943 892 et
959 881 980 892 ex
996 880 1099 898 quacumque

177 914 231 925 causa
241 914 250 925 a
260 908 314 925 dietis
325 908 398 925 domino
412 908 521 925 cancellario
534 911 551 924 et
563 908 634 925 officiali
646 914 680 925 suo
693 914 713 925 ac
726 908 889 931 predecessoribus
901 908 1005 925 eorumdem
1014 914 1023 924 a
1033 908 1100 930 quibus-

177 947 255 964 cumque
268 941 353 964 personis
363 941 385 958 ad
395 947 428 958 vos
442 944 459 958 et
471 941 613 963 predecessores
623 944 695 958 vestros
705 941 791 958 officiales
802 941 916 958 Parisienses
928 944 945 957 et
954 941 1020 957 curiam
1030 944 1099 957 vestram

177 974 299 991 Parisiensem
313 974 420 997 recipiendi,
434 973 529 990 inhibendi
540 977 557 990 et
567 974 691 996 cognoscendi
704 977 722 990 et
731 974 767 991 {ine
777 973 840 990 debito
850 974 976 990 demandandL
991 974 1012 990 Et
1021 973 1100 996 premissa

178 1006 237 1023 onmia
253 1009 271 1023 et
285 1006 357 1029 singula
374 1010 417 1023 sunt
429 1012 479 1027 vera,
495 1006 571 1028 notoria,
587 1007 688 1025 manifesta,
704 1009 722 1023 et
736 1012 756 1023 ea
773 1009 921 1029 recognoverunt
937 1006 979 1023 dicti
993 1006 1072 1028 appellati
1085 1009 1101 1023 e!

178 1044 240 1055 eorum
255 1039 333 1061 quilibet
347 1045 407 1056 coram
421 1039 475 1056 bonis
489 1039 558 1062 pluries
572 1039 654 1062 legitime
668 1039 708 1056 fore
721 1045 763 1056 vera
776 1040 823 1056 sama
836 1039 908 1061 publica
918 1045 940 1055 ex
949 1039 1038 1055 communi
1047 1044 1100 1056 asser·-

177 1072 227 1088 tione
238 1072 300 1094 populi
310 1071 345 1088 hoc
355 1075 450 1088 testantur.
463 1072 524 1093 Quare
534 1075 597 1094 petunt
607 1072 650 1088 dicti
660 1072 773 1094 appellantes
784 1077 817 1094 per
825 1077 865 1092 vos„
877 1071 949 1088 domine
956 1071 1011 1093 judex
1021 1071 1100 1094 predicte,

178 1104 294 1127 pronunciari
308 1107 326 1121 et
339 1104 427 1121 declarari
442 1104 501 1121 dictos
515 1104 643 1121 cancellarium
654 1108 671 1121 et
685 1105 791 1127 magistrum
806 1105 878 1121 Petrum
891 1107 984 1127 gerentem
994 1109 1013 1120 se
1025 1110 1055 1127 pro
1065 1105 1100 1126 ejus

177 1136 249 1153 officiali
263 1142 296 1153 seu
311 1137 437 1153 commissario
448 1137 530 1159 legitime
542 1140 636 1154 recusatos
647 1137 706 1154 fuisse
718 1142 750 1159 per
761 1137 874 1160 appellantes
887 1137 984 1160 predictos,
1000 1139 1017 1153 et
1029 1142 1100 1159 pronun-

177 1169 221 1186 ciari
231 1172 249 1186 et
259 1169 348 1186 declarari
360 1169 440 1186 finaliter
454 1169 506 1191 ipsos
520 1172 591 1186 actores
607 1169 648 1190 rite,
660 1170 718 1192 juste7
733 1170 815 1192 legitime
828 1173 846 1186 et
858 1169 944 1186 canonice
956 1169 977 1186 ad
990 1175 1021 1186 vos
1034 1175 1054 1186 ex
1065 1175 1101 1192 pre-

177 1202 239 1218 missis
253 1202 362 1224 nppellasse,
373 1202 469 1224 dictosque
481 1201 582 1224 appellatos
592 1207 634 1218 reos
644 1202 690 1224 ipsis
700 1202 792 1219 actoribus
803 1202 936 1224 appellantibus
948 1202 967 1219 in
977 1202 1058 1224 expensis
1067 1202 1101 1219 suis

176 1234 258 1257 legitime
271 1234 324 1251 sactis
337 1237 355 1251 et
367 1234 456 1251 faciendis
470 1234 488 1250 in
502 1234 533 1251 lite
547 1234 628 1256 presenti
640 1234 807 1257 condempnatur-os
817 1240 839 1251 ex
851 1235 911 1251 causis
921 1238 939 1251 et
949 1234 1046 1252 rationibus
1058 1238 1101 1252 ante-

176 1267 236 1287 dictis,
253 1270 270 1283 et
285 1266 321 1283 sibi
333 1266 425 1289 justiciam
439 1266 479 1283 fieri
494 1272 550 1289 super
563 1266 648 1283 omnibus
662 1270 680 1284 et
693 1267 772 1289 singulis
783 1267 879 1289 premissis
891 1270 909 1284 et
920 1267 1006 1284 canonice
1018 1267 1101 1290 provideri

177 1299 248 1316 meliori
263 1299 318 1316 modo
333 1305 369 1321 quo
384 1299 424 1315 fieri
439 1299 507 1322 poterit
520 1302 538 1316 et
549 1299 630 1320 debebit,
645 1299 723 1316 ossicium
738 1302 819 1316 vestrum
832 1299 851 1315 in
864 1300 958 1322 premissis
968 1300 1075 1322 implorando
1085 1300 1101 1317 in
