1273 1538
172 31 194 48 36
459 34 618 46 CHARTULARIUM
634 35 729 46 uutvzns.
749 35 814 47 Panis.
1050 28 1098 47 [1289

173 72 204 94 qui
216 76 259 89 sunt
270 72 313 89 boni
326 78 346 89 ac
358 71 435 95 legitimi
448 75 479 88 aut
491 71 552 88 ficticii
564 71 643 89 scolares
656 72 760 89 discernere
773 77 810 88 non
819 77 924 94 possumus,
935 74 952 88 et
964 71 1019 94 aliqui
1029 71 1099 94 fingunt

174 111 193 122 se
204 111 245 122 esse
256 105 335 123 scolares
346 108 408 123 nostre
422 104 518 126 facultatis,
529 108 548 122 ut
558 105 658 128 privilegiis
668 109 686 122 et
695 105 810 122 libertatibus
823 104 914 128 ejusdem¹
925 110 945 121 ac
958 104 1010 121 etiam
1024 105 1099 122 Univer-

174 138 232 156 sitatis
248 139 328 162 gaudere
349 139 420 156 valeant
436 142 454 156 et
473 138 527 160 tueri3
544 138 585 162 qui’
607 142 689 161 tanquam
707 138 786 156 rnernbra
805 138 876 162 putrida
895 144 904 156 a
922 138 953 155 tali
972 144 1048 161 corpore
1067 144 1099 156 seu

173 172 266 189 consortio
281 172 369 190 deberent
387 172 466 195 separari
481 173 527 194 (nam
543 175 561 189 et
576 176 650 195 propter
666 172 711 189 tales
728 172 837 189 multociens
851 172 926 189 facultas
941 172 1042 189 diffamatur
1057 176 1075 189 et
1090 178 1099 189 a

174 205 258 228 pluribus
269 205 393 229 vilipenditur=
405 209 422 222 et
435 205 516 228 magistri
527 205 575 222 dicte
587 205 675 222 facultatis
687 204 746 222 modis
756 205 811 222 variis
823 211 832 222 a
845 205 905 222 studio
919 209 936 222 et
948 205 1099 228 contemplatione

175 239 304 262 impediuntur,
315 242 333 256 et
342 239 385 256 boni
397 238 477 255 scolares
487 244 509 255 ex
519 238 580 256 talium
592 239 684 256 consortio
696 242 713 255 et
725 239 876 262 persuasionibus
886 245 895 256 a
905 239 966 256 studio
976 245 996 256 se
1008 239 1099 256 retrahunt

174 272 192 289 in
210 276 277 290 tantum
294 272 343 296 quod
358 278 394 289 non
409 275 486 295 possunt
501 272 576 290 scientie
591 272 690 296 preciosam
707 273 801 296 acquirere
815 273 935 296 margaritam)
951 278 954 290 :
971 278 1004 290 nos
1019 272 1099 290 volentes

174 312 230 329 super
246 306 280 323 ltoc
295 306 368 323 salubre
382 305 483 323 remedium
497 299 595 329 apponere,
610 306 704 323 statuimus
721 312 741 323 ac
756 306 809 323 etiam
824 306 929 323 ordinamus
943 306 992 329 quod
1006 312 1069 323 omnes
1083 310 1100 323 et

174 339 241 363 singuli
255 339 337 362 magistri
349 339 396 356 dicte
410 339 500 357 facultatis
510 343 529 356 et
538 339 591 357 etiam
603 340 633 363 qui
647 340 664 356 in
679 340 725 357 dicta
738 340 822 357 facultate
836 343 878 357 sunt
889 340 979 363 incepturi
993 332 1025 363 per
1038 346 1099 357 eorum

171 373 279 396 juramentav
297 373 347 390 omni
364 373 426 390 fraude
442 377 525 394 ammeta,
542 373 614 390 nomina
627 373 741 396 propriorum
757 373 853 390 scolarium
870 373 951 390 scribere
965 376 1066 395 teneantur,
1082 377 1101 390 ut

173 406 262 423 honorum
272 406 395 429 cognitionem
410 406 488 424 habeant
502 410 520 424 et
532 406 573 423 loco
587 410 604 423 et
618 410 698 430 tempore
712 407 730 424 in
745 407 794 424 omni
809 406 922 424 necessitatis
935 406 1011 424 articulo
1023 406 1046 423 de
1056 407 1100 430 ipsis

172 440 273 463 legitimum
286 440 420 457 testimonium*
434 440 505 457 deferre
518 440 595 461 valeant⁷
606 443 625 457 ut
637 440 695 457 solum
706 440 785 457 studium
797 440 914 463 insequentes
924 444 941 457 et
951 446 994 463 erga
1004 440 1100 463 magistros

172 477 207 491 tam
218 479 251 497 pro
261 473 371 491 lectionibus
381 473 479 491 ordinariis
488 480 540 496 quam
551 473 644 495 cui-soriis,
654 477 672 491 ut
683 473 739 491 moris
749 477 778 491 est
786 477 805 491 et
814 477 906 495 statutum,
915 473 976 491 debite
984 479 1004 491 se
1014 473 1100 491 hahentes

172 511 190 525 et
202 507 271 524 eisdem
284 507 393 531 condignam
406 507 593 530 recompensationem
606 507 692 524 facientes
705 507 720 524 si
733 513 788 530 super
801 507 835 524 hoc
848 513 856 524 a
870 507 909 524 suis
921 507 1000 530 propriis
1010 507 1101 530 magistris

172 541 239 558 suerint
249 541 339 564 requisiti„
350 544 368 558 et
378 541 393 557 si
404 541 485 564 magistri
495 541 563 558 fuerint
573 540 595 558 de
605 541 641 558 illis
652 541 739 563 contenti,
748 541 849 564 privilegiis
859 544 877 558 et
887 540 1001 558 libertatibus
1013 541 1101 558 facultatis

172 578 189 591 et
199 574 326 592 Universitatis
337 574 416 598 gaudere
427 574 504 596 valeant,
515 577 533 591 et
542 574 565 591 ad
575 574 658 597 singulos
667 577 718 591 actus
728 574 747 591 in
757 574 804 591 dict‘a
816 574 900 591 facultate
913 574 1023 597 promoveri.
1034 574 1101 591 Ficticii

172 611 230 625 autem
244 608 324 625 scolares
338 612 355 625 et
368 607 424 625 studii
437 611 565 630 persecutores
578 614 618 625 cum
632 608 685 625 bonis
699 614 735 625 non
748 608 857 628 scribantur,
868 608 901 625 sed
913 611 997 631 tanquam
1010 607 1083 625 inutiles
1092 613 1101 625 a

171 642 241 665 gremio
255 645 273 659 et
285 641 381 659 consorcio
393 641 482 658 facultatis
494 644 635 663 ammoveantur,
650 641 673 658 ita
686 641 735 665 quod
747 641 816 665 absque
829 641 966 664 dispensatione
979 641 1067 659 facultatis
1080 641 1102 658 ad

172 675 249 698 aliquem
260 678 317 692 actum
332 675 350 692 in
361 674 444 692 facultate
454 680 491 692 non
501 674 572 692 valeant
584 675 694 698 promoveri,
709 681 742 692 nec
755 675 857 698 privilegiis
870 679 888 692 et
899 675 1014 692 libertatibus
1027 675 1102 692 Univer-

172 709 230 726 sitatis
244 709 342 732 gaudeant,
357 708 390 726 sed
403 714 436 731 pro
449 715 487 726 non
500 708 602 726 scolaribus
616 715 626 725 a
640 708 722 731 quolibet
738 709 866 732 magistrorum
880 714 912 732 per
927 715 990 726 eorum
1002 709 1102 732 juramenta

171 742 277 760 habeantur.
287 742 377 760 Volumus
387 745 447 759 autem
457 745 475 759 et
484 742 590 759 ordinamus
599 742 648 765 quod
658 742 735 765 quilibet
744 746 805 759 rector
813 742 832 759 in
843 742 871 759 sui
883 742 998 759 institutione
1008 748 1040 766 per
1050 748 1101 759 suum

169 777 291 799 juramentum
304 777 415 800 astringatur
427 776 476 799 quod
489 779 593 799 presentem
606 776 738 793 ordinationem
750 782 783 800 per
796 776 904 793 servientem
912 777 992 799 juratum
1003 782 1035 800 per
1044 776 1102 793 scolas

172 810 301 833 magistrorum
310 810 329 827 in
339 810 418 833 singulis
428 810 481 827 annis
493 810 545 827 faciat
558 809 653 833 propalari.
664 810 754 827 Volumus
766 813 825 827 tamen
836 810 884 833 quod
894 810 930 827 hiis
942 816 979 827 non
990 810 1102 827 obstantibus

172 844 231 861 omnia
246 847 311 861 statuta
328 847 346 860 et
360 843 455 867 privilegia
471 843 599 860 Universitatis
614 843 632 860 in
646 843 732 860 omnibus
746 847 764 860 et
777 849 811 867 per
824 844 884 860 omnia
898 843 1028 861 inviolabiliter
1041 844 1103 861 obser-

170 880 241 894 ventur.
256 878 278 894 Et
291 881 311 894 ut
323 877 356 894 hec
373 876 451 894 habeant
464 876 536 894 roboris
551 877 659 898 firmitatem,
675 877 736 900 sigilla
748 880 826 900 quatuor
839 877 931 894 nationmn
944 877 1026 901 presenti
1039 877 1102 894 cedule

172 914 214 927 sunt
228 916 314 934 appensa‚
328 911 393 928 Actum
408 916 456 927 anno
470 910 543 927 Domini
561 910 625 928 M=CC⁰
641 910 765 933 octuagesimo
782 916 831 928 nono
848 911 895 934 apud
912 911 996 928 Sanctum
1013 910 1101 928 Julianum

172 944 273 967 Pauperem
283 943 312 961 die
322 943 395 961 veneris
405 947 447 967 post
457 943 523 961 festum
534 943 581 961 beati
592 943 681 967 Dyonisii.

220 992 251 1004 nod.
259 993 288 1005 vm,
295 993 328 1009 neg.
338 993 365 1007 ιω,
374 993 396 1005 tut.
406 992 438 1007 62η
446 993 477 1005 eoa.
486 992 554 1005 caetu-112.
562 993 589 1007 ⁸7⁸3,
597 993 620 1005 tot.
627 993 647 1008 ⁶⁵,
657 992 706 1009 ubique
715 993 741 1005 nub
750 993 812 1005 rubrica:
821 997 827 1005 ιι
834 993 903 1005 Ordinatio
912 993 928 1005 de
938 993 1012 1005 molaribus
1020 993 1062 1008 bonit,
1070 993 1104 1005 wie

173 1018 198 1026 non
206 1014 280 1027 noim-un..
287 1018 301 1029 ν,
311 1015 364 1028 Λι-οιιιν,
371 1015 411 1027 υηιν,
419 1015 461 1027 inu-ia.
469 1015 501 1031 neg.
508 1015 529 1029 sa,
536 1017 551 1027 n·
557 1015 577 1030 so,
584 1020 598 1031 ρ,
606 1015 625 1028 ss.
634 1022 650 1024 —
659 1015 721 1031 nutam,
729 1015 751 1030 ιιι,
759 1016 787 1030 us,
795 1015 817 1027 ubi
827 1019 897 1031 perperam
906 1016 923 1028 nd
933 1020 954 1027 unt
965 1016 999 1028 1279(
1009 1015 1073 1028 suut-ani·-
1083 1015 1103 1028 tis

174 1037 218 1051 :etex-t,
225 1037 242 1049 mi
250 1041 271 1049 rm.
279 1037 310 1049 127⁹
317 1038 336 1052 [no
343 1038 375 1053 κο),
383 1039 396 1049 et
403 1037 420 1049 nd
426 1041 447 1050 ιι..Δ
454 1037 486 1049 12⁸9
492 1039 511 1052 [no
517 1037 549 1052 29⁶).

220 1079 232 1091 1.
239 1080 279 1091 Dent
285 1079 299 1091 in
306 1079 335 1091 Vnt*
343 1080 375 1095 Reg⁴
382 1086 398 1088 —
405 1080 417 1092 Ζ,
424 1079 480 1092 Additur
486 1079 535 1096 ubique
543 1084 549 1091 n
557 1084 586 1091 eum
594 1084 605 1092 »-
610 1086 626 1089 -
631 1080 643 1092 ³⁴
650 1080 684 1092 thid.
691 1080 728 1096 priui
737 1084 743 1092 α
751 1080 849 1092 matrimonium
857 1084 868 1093 n.

175 1162 231 1181 562.
244 1168 315 1180 statutum
325 1167 425 1181 vniversiaeans
431 1167 478 1181 Paris*
487 1167 506 1181 ae
511 1168 629 1186 praesentatione
636 1167 656 1181 ad
663 1167 734 1186 capenam
742 1168 755 1181 s.
766 1168 833 1181 Germani
840 1168 857 1182 ae
864 1168 918 1182 maus.

764 1209 802 1225 1239,
810 1209 882 1223 '‘crambe-le
888 1210 901 1225 ³,
908 1209 965 1223 Pomm

220 1246 316 1264 Universis
326 1249 422 1270 presentes
431 1246 501 1263 litteras
512 1246 622 1269 inspecturis
633 1246 741 1263 universitas
751 1246 879 1269 magistrorum
890 1250 908 1263 et
918 1246 1015 1263 scolarium
1026 1246 1105 1264 Parisius

176 1279 251 1298 salutem
262 1281 280 1298 in
290 1286 312 1297 eo
323 1280 353 1303 qui
364 1284 393 1297 est
402 1279 482 1297 omnium
493 1286 534 1297 vera
546 1279 601 1297 salus.
612 1279 657 1297 Cum
667 1286 701 1297 nos
711 1279 816 1297 dederimus
827 1279 962 1297 venerabilibus
971 1279 1016 1297 viris
1028 1280 1106 1297 dominis

176 1314 251 1336 decano,
261 1314 337 1336 cantori⁷
348 1318 366 1331 et
376 1314 463 1337 magistro
473 1313 565 1337 Stephano
575 1313 597 1330 de
607 1313 709 1330 Lemovicis
718 1313 806 1330 canonico
816 1313 915 1330 Parisiensi
927 1316 1033 1336 potestatem
1047 1313 1107 1331 termi-
