<?xml version="1.0" encoding="UTF-8"?>
<!DOCTYPE html PUBLIC "-//W3C//DTD XHTML 1.0 Transitional//EN"
    "http://www.w3.org/TR/xhtml1/DTD/xhtml1-transitional.dtd">
<html xmlns="http://www.w3.org/1999/xhtml" xml:lang="en" lang="en">
 <head>
  <title>
</title>
<meta http-equiv="Content-Type" content="text/html;charset=utf-8" />
  <meta name='ocr-system' content='tesseract 3.04.00' />
  <meta name='ocr-capabilities' content='ocr_page ocr_carea ocr_par ocr_line ocrx_word'/>
</head>
<body>
  <div class='ocr_page' id='page_1' title='image "./chartulariumuni00mogoog_0100.png"; bbox 0 0 1273 1538; ppageno 0'>
   <div class='ocr_carea' id='block_1_1' title="bbox 181 71 1097 89">
    <p class='ocr_par' dir='ltr' id='par_1_1' title="bbox 181 71 1097 89">
     <span class='ocr_line' id='line_1_1' title="bbox 181 71 1097 89; baseline 0.001 -3"><span class='ocrx_word' id='word_1_1' title='bbox 181 71 225 89; x_wconf 73' lang='lat'><strong>1296]</strong></span> <span class='ocrx_word' id='word_1_2' title='bbox 372 76 395 87; x_wconf 70' lang='grc' dir='ltr'>Λιι</span> <span class='ocrx_word' id='word_1_3' title='bbox 412 75 465 86; x_wconf 65' lang='lat' dir='ltr'>anuo</span> <span class='ocrx_word' id='word_1_4' title='bbox 482 75 597 86; x_wconf 60' lang='lat' dir='ltr'>nccaxxxvz</span> <span class='ocrx_word' id='word_1_5' title='bbox 615 75 681 89; x_wconf 66' lang='lat' dir='ltr'>usque</span> <span class='ocrx_word' id='word_1_6' title='bbox 698 75 722 86; x_wconf 78' lang='grc' dir='ltr'>Λι)</span> <span class='ocrx_word' id='word_1_7' title='bbox 738 76 807 86; x_wconf 68' lang='lat' dir='ltr'>anuum</span> <span class='ocrx_word' id='word_1_8' title='bbox 824 76 895 87; x_wconf 67' lang='lat' dir='ltr'>mecei„</span> <span class='ocrx_word' id='word_1_9' title='bbox 1075 71 1097 87; x_wconf 80' lang='lat'>73</span> 
     </span>
    </p>
   </div>
   <div class='ocr_carea' id='block_1_2' title="bbox 176 110 1105 1034">
    <p class='ocr_par' dir='ltr' id='par_1_2' title="bbox 176 110 1105 1034">
     <span class='ocr_line' id='line_1_2' title="bbox 220 110 1096 134; baseline 0 -6"><span class='ocrx_word' id='word_1_10' title='bbox 220 113 240 128; x_wconf 88' lang='lat' dir='ltr'>ln</span> <span class='ocrx_word' id='word_1_11' title='bbox 249 112 310 134; x_wconf 82' lang='lat' dir='ltr'>primis</span> <span class='ocrx_word' id='word_1_12' title='bbox 320 111 420 131; x_wconf 76' lang='lat' dir='ltr'>statuimus,</span> <span class='ocrx_word' id='word_1_13' title='bbox 431 114 451 127; x_wconf 94' lang='lat' dir='ltr'>ut</span> <span class='ocrx_word' id='word_1_14' title='bbox 460 111 563 133; x_wconf 81' lang='lat' dir='ltr'>quicunque</span> <span class='ocrx_word' id='word_1_15' title='bbox 574 110 666 127; x_wconf 70' lang='lat' dir='ltr'>debitores</span> <span class='ocrx_word' id='word_1_16' title='bbox 676 111 695 126; x_wconf 92' lang='lat' dir='ltr'>in</span> <span class='ocrx_word' id='word_1_17' title='bbox 705 114 766 127; x_wconf 88' lang='lat' dir='ltr'>nostra</span> <span class='ocrx_word' id='word_1_18' title='bbox 779 111 854 127; x_wconf 79' lang='lat' dir='ltr'>nacione</span> <span class='ocrx_word' id='word_1_19' title='bbox 865 114 955 133; x_wconf 77' lang='lat' dir='ltr'>regentes.</span> <span class='ocrx_word' id='word_1_20' title='bbox 967 111 997 133; x_wconf 84' lang='lat' dir='ltr'>qui</span> <span class='ocrx_word' id='word_1_21' title='bbox 1007 111 1026 127; x_wconf 90' lang='lat' dir='ltr'>in</span> <span class='ocrx_word' id='word_1_22' title='bbox 1035 111 1096 133; x_wconf 83' lang='lat' dir='ltr'>aliquo</span> 
     </span>
     <span class='ocr_line' id='line_1_3' title="bbox 179 142 1095 165; baseline -0.002 -4"><span class='ocrx_word' id='word_1_23' title='bbox 179 147 236 161; x_wconf 83' lang='lat' dir='ltr'>nostre</span> <span class='ocrx_word' id='word_1_24' title='bbox 248 144 316 160; x_wconf 87' lang='lat' dir='ltr'>nacioni</span> <span class='ocrx_word' id='word_1_25' title='bbox 326 144 392 160; x_wconf 80' lang='lat' dir='ltr'>fuerint</span> <span class='ocrx_word' id='word_1_26' title='bbox 401 143 483 165; x_wconf 75' lang='lat' dir='ltr'>obligati=</span> <span class='ocrx_word' id='word_1_27' title='bbox 494 143 532 159; x_wconf 88' lang='lat' dir='ltr'>sive</span> <span class='ocrx_word' id='word_1_28' title='bbox 542 143 614 159; x_wconf 75' lang='lat' dir='ltr'>racione</span> <span class='ocrx_word' id='word_1_29' title='bbox 622 143 765 165; x_wconf 83' lang='lat' dir='ltr'>procuracionis,</span> <span class='ocrx_word' id='word_1_30' title='bbox 773 148 805 159; x_wconf 72' lang='lat' dir='ltr'>seu</span> <span class='ocrx_word' id='word_1_31' title='bbox 814 143 878 163; x_wconf 74' lang='lat' dir='ltr'>mutui,</span> <span class='ocrx_word' id='word_1_32' title='bbox 886 148 918 159; x_wconf 88' lang='lat' dir='ltr'>seu</span> <span class='ocrx_word' id='word_1_33' title='bbox 927 142 998 159; x_wconf 75' lang='lat' dir='ltr'>racione</span> <span class='ocrx_word' id='word_1_34' title='bbox 1006 142 1095 159; x_wconf 83' lang='lat' dir='ltr'>scolarum</span> 
     </span>
     <span class='ocr_line' id='line_1_4' title="bbox 179 172 1096 198; baseline -0.002 -5"><span class='ocrx_word' id='word_1_35' title='bbox 179 177 205 193; x_wconf 95' lang='lat' dir='ltr'>vel</span> <span class='ocrx_word' id='word_1_36' title='bbox 217 177 337 198; x_wconf 79' lang='lat' dir='ltr'>cujuscunque</span> <span class='ocrx_word' id='word_1_37' title='bbox 347 172 408 196; x_wconf 73' lang='lat' dir='ltr'>officis,</span> <span class='ocrx_word' id='word_1_38' title='bbox 419 180 450 192; x_wconf 82' lang='lat' dir='ltr'>seu</span> <span class='ocrx_word' id='word_1_39' title='bbox 463 175 544 197; x_wconf 83' lang='lat' dir='ltr'>qualibet</span> <span class='ocrx_word' id='word_1_40' title='bbox 555 175 588 191; x_wconf 86' lang='lat' dir='ltr'>alia</span> <span class='ocrx_word' id='word_1_41' title='bbox 601 175 623 191; x_wconf 92' lang='lat' dir='ltr'>de</span> <span class='ocrx_word' id='word_1_42' title='bbox 633 181 694 195; x_wconf 78' lang='lat' dir='ltr'>causa,</span> <span class='ocrx_word' id='word_1_43' title='bbox 704 175 726 191; x_wconf 86' lang='lat' dir='ltr'>ab</span> <span class='ocrx_word' id='word_1_44' title='bbox 736 175 820 192; x_wconf 77' lang='lat' dir='ltr'>munibus</span> <span class='ocrx_word' id='word_1_45' title='bbox 833 175 903 191; x_wconf 81' lang='lat' dir='ltr'>actibus</span> <span class='ocrx_word' id='word_1_46' title='bbox 914 174 1014 191; x_wconf 71' lang='lat' dir='ltr'>scolasticis</span> <span class='ocrx_word' id='word_1_47' title='bbox 1024 175 1096 191; x_wconf 85' lang='lat' dir='ltr'>univer-</span> 
     </span>
     <span class='ocr_line' id='line_1_5' title="bbox 179 207 1097 229; baseline -0.001 -5"><span class='ocrx_word' id='word_1_48' title='bbox 179 208 236 225; x_wconf 80' lang='lat' dir='ltr'>saliter</span> <span class='ocrx_word' id='word_1_49' title='bbox 245 211 262 224; x_wconf 92' lang='lat' dir='ltr'>et</span> <span class='ocrx_word' id='word_1_50' title='bbox 271 207 292 224; x_wconf 81' lang='lat' dir='ltr'>ab</span> <span class='ocrx_word' id='word_1_51' title='bbox 302 208 350 224; x_wconf 80' lang='lat' dir='ltr'>omni</span> <span class='ocrx_word' id='word_1_52' title='bbox 359 207 455 224; x_wconf 85' lang='lat' dir='ltr'>consorcio</span> <span class='ocrx_word' id='word_1_53' title='bbox 465 211 527 224; x_wconf 83' lang='lat' dir='ltr'>nostre</span> <span class='ocrx_word' id='word_1_54' title='bbox 537 207 619 224; x_wconf 87' lang='lat' dir='ltr'>nacionis</span> <span class='ocrx_word' id='word_1_55' title='bbox 629 213 650 223; x_wconf 85' lang='lat' dir='ltr'>ex</span> <span class='ocrx_word' id='word_1_56' title='bbox 663 213 710 224; x_wconf 82' lang='lat' dir='ltr'>nuuc</span> <span class='ocrx_word' id='word_1_57' title='bbox 721 213 740 223; x_wconf 90' lang='lat' dir='ltr'>se</span> <span class='ocrx_word' id='word_1_58' title='bbox 751 207 834 224; x_wconf 94' lang='lat' dir='ltr'>noverint</span> <span class='ocrx_word' id='word_1_59' title='bbox 844 207 921 227; x_wconf 77' lang='lat' dir='ltr'>alieuos;</span> <span class='ocrx_word' id='word_1_60' title='bbox 931 210 948 223; x_wconf 92' lang='lat' dir='ltr'>et</span> <span class='ocrx_word' id='word_1_61' title='bbox 958 207 1008 229; x_wconf 84' lang='lat' dir='ltr'>ipsos</span> <span class='ocrx_word' id='word_1_62' title='bbox 1017 212 1040 223; x_wconf 83' lang='lat' dir='ltr'>ex</span> <span class='ocrx_word' id='word_1_63' title='bbox 1050 213 1097 223; x_wconf 85' lang='lat' dir='ltr'>nunc</span> 
     </span>
     <span class='ocr_line' id='line_1_6' title="bbox 179 239 1098 262; baseline -0.001 -6"><span class='ocrx_word' id='word_1_64' title='bbox 179 246 188 256; x_wconf 72' lang='lat' dir='ltr'>a</span> <span class='ocrx_word' id='word_1_65' title='bbox 197 243 256 256; x_wconf 91' lang='lat' dir='ltr'>nostro</span> <span class='ocrx_word' id='word_1_66' title='bbox 266 240 359 256; x_wconf 71' lang='lat' dir='ltr'>consol-cio</span> <span class='ocrx_word' id='word_1_67' title='bbox 369 243 387 256; x_wconf 91' lang='lat' dir='ltr'>et</span> <span class='ocrx_word' id='word_1_68' title='bbox 396 239 418 256; x_wconf 88' lang='lat' dir='ltr'>ab</span> <span class='ocrx_word' id='word_1_69' title='bbox 428 239 513 256; x_wconf 87' lang='lat' dir='ltr'>omnibus</span> <span class='ocrx_word' id='word_1_70' title='bbox 522 239 592 256; x_wconf 91' lang='lat' dir='ltr'>actibus</span> <span class='ocrx_word' id='word_1_71' title='bbox 603 245 657 262; x_wconf 84' lang='lat' dir='ltr'>supra</span> <span class='ocrx_word' id='word_1_72' title='bbox 667 239 721 256; x_wconf 86' lang='lat' dir='ltr'>dictis</span> <span class='ocrx_word' id='word_1_73' title='bbox 731 240 828 262; x_wconf 72' lang='lat' dir='ltr'>privamus,</span> <span class='ocrx_word' id='word_1_74' title='bbox 840 239 919 262; x_wconf 81' lang='lat' dir='ltr'>privatos</span> <span class='ocrx_word' id='word_1_75' title='bbox 931 239 1068 259; x_wconf 78' lang='lat' dir='ltr'>denunciamus,</span> <span class='ocrx_word' id='word_1_76' title='bbox 1079 243 1098 256; x_wconf 90' lang='lat' dir='ltr'>ut</span> 
     </span>
     <span class='ocr_line' id='line_1_7' title="bbox 178 271 1097 294; baseline 0 -6"><span class='ocrx_word' id='word_1_77' title='bbox 178 278 209 289; x_wconf 80' lang='lat' dir='ltr'>nec</span> <span class='ocrx_word' id='word_1_78' title='bbox 218 271 277 294; x_wconf 78' lang='lat' dir='ltr'>legere</span> <span class='ocrx_word' id='word_1_79' title='bbox 289 278 321 288; x_wconf 86' lang='lat' dir='ltr'>nec</span> <span class='ocrx_word' id='word_1_80' title='bbox 335 278 433 291; x_wconf 72' lang='lat' dir='ltr'>resumere,</span> <span class='ocrx_word' id='word_1_81' title='bbox 448 278 480 288; x_wconf 88' lang='lat' dir='ltr'>nec</span> <span class='ocrx_word' id='word_1_82' title='bbox 493 272 512 288; x_wconf 91' lang='lat' dir='ltr'>in</span> <span class='ocrx_word' id='word_1_83' title='bbox 525 272 586 294; x_wconf 80' lang='lat' dir='ltr'>aliquo</span> <span class='ocrx_word' id='word_1_84' title='bbox 599 272 694 288; x_wconf 85' lang='lat' dir='ltr'>nobiscum</span> <span class='ocrx_word' id='word_1_85' title='bbox 711 272 844 288; x_wconf 77' lang='lat' dir='ltr'>cummunicare</span> <span class='ocrx_word' id='word_1_86' title='bbox 859 272 936 292; x_wconf 74' lang='lat' dir='ltr'>valeant,</span> <span class='ocrx_word' id='word_1_87' title='bbox 950 272 985 288; x_wconf 89' lang='lat' dir='ltr'>nisi</span> <span class='ocrx_word' id='word_1_88' title='bbox 999 272 1043 288; x_wconf 77' lang='lat' dir='ltr'>infra</span> <span class='ocrx_word' id='word_1_89' title='bbox 1057 275 1097 288; x_wconf 86' lang='lat' dir='ltr'>octo</span> 
     </span>
     <span class='ocr_line' id='line_1_8' title="bbox 179 304 1098 327; baseline 0 -7"><span class='ocrx_word' id='word_1_90' title='bbox 179 304 215 321; x_wconf 88' lang='lat' dir='ltr'>dies</span> <span class='ocrx_word' id='word_1_91' title='bbox 229 307 268 327; x_wconf 86' lang='lat' dir='ltr'>post</span> <span class='ocrx_word' id='word_1_92' title='bbox 281 307 351 326; x_wconf 84' lang='lat' dir='ltr'>tempus</span> <span class='ocrx_word' id='word_1_93' title='bbox 365 304 419 320; x_wconf 77' lang='lat' dir='ltr'>officii</span> <span class='ocrx_word' id='word_1_94' title='bbox 433 304 468 324; x_wconf 81' lang='lat' dir='ltr'>sui,</span> <span class='ocrx_word' id='word_1_95' title='bbox 484 304 500 321; x_wconf 82' lang='lat' dir='ltr'>si</span> <span class='ocrx_word' id='word_1_96' title='bbox 514 304 562 326; x_wconf 85' lang='lat' dir='ltr'>quod</span> <span class='ocrx_word' id='word_1_97' title='bbox 575 304 670 321; x_wconf 77' lang='lat' dir='ltr'>habuerim</span> <span class='ocrx_word' id='word_1_98' title='bbox 684 304 770 325; x_wconf 76' lang='lat' dir='ltr'>officium,</span> <span class='ocrx_word' id='word_1_99' title='bbox 783 304 872 326; x_wconf 86' lang='lat' dir='ltr'>complete</span> <span class='ocrx_word' id='word_1_100' title='bbox 885 304 1006 321; x_wconf 73' lang='lat' dir='ltr'>satisfecerint</span> <span class='ocrx_word' id='word_1_101' title='bbox 1018 304 1098 324; x_wconf 49' lang='lat' dir='ltr'>nacionh,</span> 
     </span>
     <span class='ocr_line' id='line_1_9' title="bbox 179 336 1099 359; baseline 0.001 -7"><span class='ocrx_word' id='word_1_102' title='bbox 179 336 193 353; x_wconf 92' lang='lat' dir='ltr'>si</span> <span class='ocrx_word' id='word_1_103' title='bbox 204 339 259 352; x_wconf 86' lang='lat' dir='ltr'>autem</span> <span class='ocrx_word' id='word_1_104' title='bbox 271 336 347 352; x_wconf 83' lang='lat' dir='ltr'>officium</span> <span class='ocrx_word' id='word_1_105' title='bbox 361 342 396 352; x_wconf 88' lang='lat' dir='ltr'>non</span> <span class='ocrx_word' id='word_1_106' title='bbox 409 336 511 356; x_wconf 82' lang='lat' dir='ltr'>habuerint,</span> <span class='ocrx_word' id='word_1_107' title='bbox 523 336 557 353; x_wconf 93' lang='lat' dir='ltr'>nisi</span> <span class='ocrx_word' id='word_1_108' title='bbox 571 337 617 353; x_wconf 81' lang='lat' dir='ltr'>infra</span> <span class='ocrx_word' id='word_1_109' title='bbox 631 340 672 353; x_wconf 85' lang='lat' dir='ltr'>octo</span> <span class='ocrx_word' id='word_1_110' title='bbox 684 336 724 353; x_wconf 79' lang='lat' dir='ltr'>dies</span> <span class='ocrx_word' id='word_1_111' title='bbox 737 340 777 359; x_wconf 90' lang='lat' dir='ltr'>post</span> <span class='ocrx_word' id='word_1_112' title='bbox 789 336 907 353; x_wconf 86' lang='lat' dir='ltr'>monitionem</span> <span class='ocrx_word' id='word_1_113' title='bbox 918 342 927 352; x_wconf 89' lang='lat' dir='ltr'>a</span> <span class='ocrx_word' id='word_1_114' title='bbox 938 340 1054 359; x_wconf 77' lang='lat' dir='ltr'>procuratore</span> <span class='ocrx_word' id='word_1_115' title='bbox 1064 336 1099 352; x_wconf 81' lang='lat' dir='ltr'>sibi</span> 
     </span>
     <span class='ocr_line' id='line_1_10' title="bbox 179 368 1098 391; baseline -0.001 -6"><span class='ocrx_word' id='word_1_116' title='bbox 179 369 243 388; x_wconf 79' lang='lat' dir='ltr'>saetam,</span> <span class='ocrx_word' id='word_1_117' title='bbox 258 368 376 385; x_wconf 77' lang='lat' dir='ltr'>satisfecerint</span> <span class='ocrx_word' id='word_1_118' title='bbox 393 369 464 385; x_wconf 87' lang='lat' dir='ltr'>nacioni</span> <span class='ocrx_word' id='word_1_119' title='bbox 478 368 567 391; x_wconf 83' lang='lat' dir='ltr'>complete</span> <span class='ocrx_word' id='word_1_120' title='bbox 582 369 604 385; x_wconf 86' lang='lat' dir='ltr'>de</span> <span class='ocrx_word' id='word_1_121' title='bbox 619 369 704 385; x_wconf 82' lang='lat' dir='ltr'>omnibus</span> <span class='ocrx_word' id='word_1_122' title='bbox 722 368 739 384; x_wconf 90' lang='lat' dir='ltr'>in</span> <span class='ocrx_word' id='word_1_123' title='bbox 757 368 823 391; x_wconf 85' lang='lat' dir='ltr'>quibus</span> <span class='ocrx_word' id='word_1_124' title='bbox 838 368 896 385; x_wconf 86' lang='lat' dir='ltr'>eidem</span> <span class='ocrx_word' id='word_1_125' title='bbox 912 369 1003 386; x_wconf 74' lang='lat' dir='ltr'>extiterint</span> <span class='ocrx_word' id='word_1_126' title='bbox 1017 368 1098 391; x_wconf 81' lang='lat' dir='ltr'>obligati.</span> 
     </span>
     <span class='ocr_line' id='line_1_11' title="bbox 179 400 1099 423; baseline 0 -6"><span class='ocrx_word' id='word_1_127' title='bbox 179 401 196 417; x_wconf 91' lang='lat' dir='ltr'>Si</span> <span class='ocrx_word' id='word_1_128' title='bbox 209 406 250 417; x_wconf 84' lang='lat' dir='ltr'>vero</span> <span class='ocrx_word' id='word_1_129' title='bbox 263 400 298 417; x_wconf 89' lang='lat' dir='ltr'>sint</span> <span class='ocrx_word' id='word_1_130' title='bbox 311 401 366 423; x_wconf 79' lang='lat' dir='ltr'>aliqui</span> <span class='ocrx_word' id='word_1_131' title='bbox 381 400 474 417; x_wconf 81' lang='lat' dir='ltr'>debitores</span> <span class='ocrx_word' id='word_1_132' title='bbox 489 401 569 423; x_wconf 75' lang='lat' dir='ltr'>predicte</span> <span class='ocrx_word' id='word_1_133' title='bbox 586 401 658 417; x_wconf 80' lang='lat' dir='ltr'>nacioni</span> <span class='ocrx_word' id='word_1_134' title='bbox 674 400 756 423; x_wconf 84' lang='lat' dir='ltr'>obligati,</span> <span class='ocrx_word' id='word_1_135' title='bbox 771 401 801 423; x_wconf 87' lang='lat' dir='ltr'>qui</span> <span class='ocrx_word' id='word_1_136' title='bbox 816 400 845 417; x_wconf 82' lang='lat' dir='ltr'>vel</span> <span class='ocrx_word' id='word_1_137' title='bbox 860 401 940 423; x_wconf 84' lang='lat' dir='ltr'>incipere</span> <span class='ocrx_word' id='word_1_138' title='bbox 957 400 1055 422; x_wconf 81' lang='lat' dir='ltr'>noluerint,</span> <span class='ocrx_word' id='word_1_139' title='bbox 1070 401 1099 417; x_wconf 88' lang='lat' dir='ltr'>vel</span> 
     </span>
     <span class='ocr_line' id='line_1_12' title="bbox 178 432 1098 455; baseline 0 -6"><span class='ocrx_word' id='word_1_140' title='bbox 178 436 215 449; x_wconf 87' lang='lat' dir='ltr'>actu</span> <span class='ocrx_word' id='word_1_141' title='bbox 229 432 301 454; x_wconf 83' lang='lat' dir='ltr'>regendi</span> <span class='ocrx_word' id='word_1_142' title='bbox 316 438 368 455; x_wconf 87' lang='lat' dir='ltr'>quem</span> <span class='ocrx_word' id='word_1_143' title='bbox 384 432 470 450; x_wconf 80' lang='lat' dir='ltr'>hactenus</span> <span class='ocrx_word' id='word_1_144' title='bbox 487 432 589 453; x_wconf 82' lang='lat' dir='ltr'>habuerint,</span> <span class='ocrx_word' id='word_1_145' title='bbox 606 438 699 449; x_wconf 83' lang='lat' dir='ltr'>resumere</span> <span class='ocrx_word' id='word_1_146' title='bbox 715 438 752 449; x_wconf 83' lang='lat' dir='ltr'>non</span> <span class='ocrx_word' id='word_1_147' title='bbox 768 432 877 453; x_wconf 73' lang='lat' dir='ltr'>curaverint,</span> <span class='ocrx_word' id='word_1_148' title='bbox 892 436 953 449; x_wconf 85' lang='lat' dir='ltr'>contra</span> <span class='ocrx_word' id='word_1_149' title='bbox 969 439 1032 450; x_wconf 86' lang='lat' dir='ltr'>omnes</span> <span class='ocrx_word' id='word_1_150' title='bbox 1049 432 1098 453; x_wconf 82' lang='lat' dir='ltr'>illos,</span> 
     </span>
     <span class='ocr_line' id='line_1_13' title="bbox 179 464 1098 488; baseline 0 -7"><span class='ocrx_word' id='word_1_151' title='bbox 179 465 222 481; x_wconf 80' lang='lat' dir='ltr'>sicut</span> <span class='ocrx_word' id='word_1_152' title='bbox 233 464 303 485; x_wconf 78' lang='lat' dir='ltr'>ibidem,</span> <span class='ocrx_word' id='word_1_153' title='bbox 317 465 446 485; x_wconf 73' lang='lat' dir='ltr'>ordinavimus,</span> <span class='ocrx_word' id='word_1_154' title='bbox 460 468 480 481; x_wconf 94' lang='lat' dir='ltr'>ut</span> <span class='ocrx_word' id='word_1_155' title='bbox 491 468 597 487; x_wconf 87' lang='lat' dir='ltr'>procurator</span> <span class='ocrx_word' id='word_1_156' title='bbox 609 464 686 487; x_wconf 85' lang='lat' dir='ltr'>quilibet</span> <span class='ocrx_word' id='word_1_157' title='bbox 698 465 717 481; x_wconf 82' lang='lat' dir='ltr'>in</span> <span class='ocrx_word' id='word_1_158' title='bbox 731 468 811 487; x_wconf 85' lang='lat' dir='ltr'>tempore</span> <span class='ocrx_word' id='word_1_159' title='bbox 821 470 854 481; x_wconf 87' lang='lat' dir='ltr'>sue</span> <span class='ocrx_word' id='word_1_160' title='bbox 863 464 993 486; x_wconf 79' lang='lat' dir='ltr'>institucionis,</span> <span class='ocrx_word' id='word_1_161' title='bbox 1005 471 1036 488; x_wconf 79' lang='lat' dir='ltr'>per</span> <span class='ocrx_word' id='word_1_162' title='bbox 1046 471 1098 481; x_wconf 88' lang='lat' dir='ltr'>suum</span> 
     </span>
     <span class='ocr_line' id='line_1_14' title="bbox 176 496 1098 519; baseline 0 -6"><span class='ocrx_word' id='word_1_163' title='bbox 176 497 290 518; x_wconf 83' lang='lat' dir='ltr'>juramentum</span> <span class='ocrx_word' id='word_1_164' title='bbox 310 496 408 519; x_wconf 80' lang='lat' dir='ltr'>obligetur,</span> <span class='ocrx_word' id='word_1_165' title='bbox 429 500 518 519; x_wconf 79' lang='lat' dir='ltr'>quatenus</span> <span class='ocrx_word' id='word_1_166' title='bbox 537 500 598 513; x_wconf 87' lang='lat' dir='ltr'>contra</span> <span class='ocrx_word' id='word_1_167' title='bbox 618 502 683 513; x_wconf 87' lang='lat' dir='ltr'>omnes</span> <span class='ocrx_word' id='word_1_168' title='bbox 702 496 747 513; x_wconf 84' lang='lat' dir='ltr'>tales</span> <span class='ocrx_word' id='word_1_169' title='bbox 766 496 859 513; x_wconf 80' lang='lat' dir='ltr'>debitores</span> <span class='ocrx_word' id='word_1_170' title='bbox 878 498 930 517; x_wconf 87' lang='lat' dir='ltr'>[actu]</span> <span class='ocrx_word' id='word_1_171' title='bbox 951 503 986 513; x_wconf 90' lang='lat' dir='ltr'>non</span> <span class='ocrx_word' id='word_1_172' title='bbox 1007 500 1098 519; x_wconf 80' lang='lat' dir='ltr'>regentes,</span> 
     </span>
     <span class='ocr_line' id='line_1_15' title="bbox 178 528 1099 551; baseline 0 -6"><span class='ocrx_word' id='word_1_173' title='bbox 178 528 257 545; x_wconf 81' lang='lat' dir='ltr'>omuibus</span> <span class='ocrx_word' id='word_1_174' title='bbox 269 529 303 545; x_wconf 87' lang='lat' dir='ltr'>viis</span> <span class='ocrx_word' id='word_1_175' title='bbox 316 534 348 545; x_wconf 88' lang='lat' dir='ltr'>seu</span> <span class='ocrx_word' id='word_1_176' title='bbox 364 529 421 546; x_wconf 85' lang='lat' dir='ltr'>modis</span> <span class='ocrx_word' id='word_1_177' title='bbox 436 529 503 551; x_wconf 86' lang='lat' dir='ltr'>quibus</span> <span class='ocrx_word' id='word_1_178' title='bbox 517 529 588 551; x_wconf 85' lang='lat' dir='ltr'>poterit,</span> <span class='ocrx_word' id='word_1_179' title='bbox 603 535 663 546; x_wconf 84' lang='lat' dir='ltr'>coram</span> <span class='ocrx_word' id='word_1_180' title='bbox 681 529 821 551; x_wconf 84' lang='lat' dir='ltr'>quibuscunque</span> <span class='ocrx_word' id='word_1_181' title='bbox 831 529 934 551; x_wconf 73' lang='lat' dir='ltr'>judicibus=</span> <span class='ocrx_word' id='word_1_182' title='bbox 950 529 1036 551; x_wconf 80' lang='lat' dir='ltr'>procedat</span> <span class='ocrx_word' id='word_1_183' title='bbox 1052 529 1099 545; x_wconf 86' lang='lat' dir='ltr'>bona</span> 
     </span>
     <span class='ocr_line' id='line_1_16' title="bbox 178 561 1100 584; baseline 0 -7"><span class='ocrx_word' id='word_1_184' title='bbox 178 561 216 581; x_wconf 78' lang='lat' dir='ltr'>fide,</span> <span class='ocrx_word' id='word_1_185' title='bbox 233 564 315 583; x_wconf 82' lang='lat' dir='ltr'>quantum</span> <span class='ocrx_word' id='word_1_186' title='bbox 333 561 405 584; x_wconf 78' lang='lat' dir='ltr'>poterit;</span> <span class='ocrx_word' id='word_1_187' title='bbox 421 564 439 577; x_wconf 81' lang='lat' dir='ltr'>et</span> <span class='ocrx_word' id='word_1_188' title='bbox 453 564 539 583; x_wconf 84' lang='lat' dir='ltr'>quantum</span> <span class='ocrx_word' id='word_1_189' title='bbox 554 562 571 577; x_wconf 89' lang='lat' dir='ltr'>in</span> <span class='ocrx_word' id='word_1_190' title='bbox 587 561 627 584; x_wconf 84' lang='lat' dir='ltr'>ipso</span> <span class='ocrx_word' id='word_1_191' title='bbox 643 561 683 582; x_wconf 75' lang='lat' dir='ltr'>erit,</span> <span class='ocrx_word' id='word_1_192' title='bbox 698 567 730 583; x_wconf 84' lang='lat' dir='ltr'>per</span> <span class='ocrx_word' id='word_1_193' title='bbox 741 561 863 583; x_wconf 86' lang='lat' dir='ltr'>juramentum</span> <span class='ocrx_word' id='word_1_194' title='bbox 881 566 932 577; x_wconf 86' lang='lat' dir='ltr'>suum</span> <span class='ocrx_word' id='word_1_195' title='bbox 952 561 1063 584; x_wconf 78' lang='lat' dir='ltr'>procurabit,</span> <span class='ocrx_word' id='word_1_196' title='bbox 1080 564 1100 577; x_wconf 81' lang='lat' dir='ltr'>ut</span> 
     </span>
     <span class='ocr_line' id='line_1_17' title="bbox 178 592 1099 616; baseline 0 -7"><span class='ocrx_word' id='word_1_197' title='bbox 178 592 253 615; x_wconf 85' lang='lat' dir='ltr'>predicte</span> <span class='ocrx_word' id='word_1_198' title='bbox 265 593 333 609; x_wconf 84' lang='lat' dir='ltr'>uacioni</span> <span class='ocrx_word' id='word_1_199' title='bbox 346 599 410 610; x_wconf 84' lang='lat' dir='ltr'>omncs</span> <span class='ocrx_word' id='word_1_200' title='bbox 424 593 517 609; x_wconf 86' lang='lat' dir='ltr'>debitores</span> <span class='ocrx_word' id='word_1_201' title='bbox 529 593 640 610; x_wconf 75' lang='lat' dir='ltr'>satisfaciant</span> <span class='ocrx_word' id='word_1_202' title='bbox 651 596 781 616; x_wconf 83' lang='lat' dir='ltr'>competenter.</span> <span class='ocrx_word' id='word_1_203' title='bbox 793 593 891 609; x_wconf 75' lang='lat' dir='ltr'>Statuimus</span> <span class='ocrx_word' id='word_1_204' title='bbox 902 593 983 615; x_wconf 77' lang='lat' dir='ltr'>iusuper¹</span> <span class='ocrx_word' id='word_1_205' title='bbox 997 596 1015 610; x_wconf 90' lang='lat' dir='ltr'>ut</span> <span class='ocrx_word' id='word_1_206' title='bbox 1027 593 1099 610; x_wconf 80' lang='lat' dir='ltr'>nomina</span> 
     </span>
     <span class='ocr_line' id='line_1_18' title="bbox 178 625 1099 648; baseline 0 -7"><span class='ocrx_word' id='word_1_207' title='bbox 178 625 252 642; x_wconf 86' lang='lat' dir='ltr'>omnium</span> <span class='ocrx_word' id='word_1_208' title='bbox 266 625 421 642; x_wconf 83' lang='lat' dir='ltr'>determinantium</span> <span class='ocrx_word' id='word_1_209' title='bbox 440 628 502 642; x_wconf 85' lang='lat' dir='ltr'>nostre</span> <span class='ocrx_word' id='word_1_210' title='bbox 519 625 600 648; x_wconf 86' lang='lat' dir='ltr'>predicte</span> <span class='ocrx_word' id='word_1_211' title='bbox 615 625 697 642; x_wconf 76' lang='lat' dir='ltr'>nacionis</span> <span class='ocrx_word' id='word_1_212' title='bbox 711 625 730 641; x_wconf 81' lang='lat' dir='ltr'>iu</span> <span class='ocrx_word' id='word_1_213' title='bbox 744 629 828 648; x_wconf 85' lang='lat' dir='ltr'>compoto</span> <span class='ocrx_word' id='word_1_214' title='bbox 843 625 985 642; x_wconf 80' lang='lat' dir='ltr'>examinatorum</span> <span class='ocrx_word' id='word_1_215' title='bbox 1000 625 1099 642; x_wconf 81' lang='lat' dir='ltr'>eorundem</span> 
     </span>
     <span class='ocr_line' id='line_1_19' title="bbox 180 657 1101 680; baseline 0 -7"><span class='ocrx_word' id='word_1_216' title='bbox 180 657 196 673; x_wconf 88' lang='lat' dir='ltr'>in</span> <span class='ocrx_word' id='word_1_217' title='bbox 210 657 299 679; x_wconf 76' lang='lat' dir='ltr'>presencia</span> <span class='ocrx_word' id='word_1_218' title='bbox 314 657 395 674; x_wconf 76' lang='lat' dir='ltr'>nacionis</span> <span class='ocrx_word' id='word_1_219' title='bbox 413 657 435 673; x_wconf 92' lang='lat' dir='ltr'>ad</span> <span class='ocrx_word' id='word_1_220' title='bbox 453 657 487 673; x_wconf 86' lang='lat' dir='ltr'>hoc</span> <span class='ocrx_word' id='word_1_221' title='bbox 500 660 561 674; x_wconf 86' lang='lat' dir='ltr'>vocate</span> <span class='ocrx_word' id='word_1_222' title='bbox 575 657 665 679; x_wconf 79' lang='lat' dir='ltr'>legantur,</span> <span class='ocrx_word' id='word_1_223' title='bbox 680 660 698 673; x_wconf 86' lang='lat' dir='ltr'>ct</span> <span class='ocrx_word' id='word_1_224' title='bbox 711 657 729 673; x_wconf 88' lang='lat' dir='ltr'>in</span> <span class='ocrx_word' id='word_1_225' title='bbox 743 657 805 680; x_wconf 82' lang='lat' dir='ltr'>papiro</span> <span class='ocrx_word' id='word_1_226' title='bbox 819 657 841 673; x_wconf 81' lang='lat' dir='ltr'>ad</span> <span class='ocrx_word' id='word_1_227' title='bbox 859 657 892 674; x_wconf 80' lang='lat' dir='ltr'>hoc</span> <span class='ocrx_word' id='word_1_228' title='bbox 910 657 992 674; x_wconf 83' lang='lat' dir='ltr'>ordinato</span> <span class='ocrx_word' id='word_1_229' title='bbox 1008 657 1101 680; x_wconf 74' lang='lat' dir='ltr'>inscriptis</span> 
     </span>
     <span class='ocr_line' id='line_1_20' title="bbox 179 688 1102 712; baseline 0 -7"><span class='ocrx_word' id='word_1_230' title='bbox 179 688 257 705; x_wconf 90' lang='lat' dir='ltr'>decetero</span> <span class='ocrx_word' id='word_1_231' title='bbox 267 689 376 712; x_wconf 78' lang='lat' dir='ltr'>redigantur.</span> <span class='ocrx_word' id='word_1_232' title='bbox 388 689 487 706; x_wconf 82' lang='lat' dir='ltr'>Statuimus</span> <span class='ocrx_word' id='word_1_233' title='bbox 496 689 632 710; x_wconf 79' lang='lat' dir='ltr'>nichilominus,</span> <span class='ocrx_word' id='word_1_234' title='bbox 644 692 663 705; x_wconf 91' lang='lat' dir='ltr'>ut</span> <span class='ocrx_word' id='word_1_235' title='bbox 675 688 752 711; x_wconf 87' lang='lat' dir='ltr'>quilibet</span> <span class='ocrx_word' id='word_1_236' title='bbox 763 693 870 711; x_wconf 86' lang='lat' dir='ltr'>procurator</span> <span class='ocrx_word' id='word_1_237' title='bbox 882 689 963 712; x_wconf 80' lang='lat' dir='ltr'>predicte</span> <span class='ocrx_word' id='word_1_238' title='bbox 976 689 1056 706; x_wconf 79' lang='lat' dir='ltr'>nacionis</span> <span class='ocrx_word' id='word_1_239' title='bbox 1069 695 1102 706; x_wconf 84' lang='lat' dir='ltr'>sue</span> 
     </span>
     <span class='ocr_line' id='line_1_21' title="bbox 178 721 1102 744; baseline 0 -6"><span class='ocrx_word' id='word_1_240' title='bbox 178 721 195 738; x_wconf 87' lang='lat' dir='ltr'>in</span> <span class='ocrx_word' id='word_1_241' title='bbox 204 721 288 744; x_wconf 80' lang='lat' dir='ltr'>principio</span> <span class='ocrx_word' id='word_1_242' title='bbox 298 727 330 738; x_wconf 82' lang='lat' dir='ltr'>sue</span> <span class='ocrx_word' id='word_1_243' title='bbox 340 722 463 738; x_wconf 81' lang='lat' dir='ltr'>institucionis</span> <span class='ocrx_word' id='word_1_244' title='bbox 473 727 505 738; x_wconf 84' lang='lat' dir='ltr'>seu</span> <span class='ocrx_word' id='word_1_245' title='bbox 516 722 614 738; x_wconf 87' lang='lat' dir='ltr'>creationis</span> <span class='ocrx_word' id='word_1_246' title='bbox 624 722 646 738; x_wconf 86' lang='lat' dir='ltr'>ad</span> <span class='ocrx_word' id='word_1_247' title='bbox 656 722 747 744; x_wconf 87' lang='lat' dir='ltr'>predictas</span> <span class='ocrx_word' id='word_1_248' title='bbox 755 722 869 738; x_wconf 80' lang='lat' dir='ltr'>municiones</span> <span class='ocrx_word' id='word_1_249' title='bbox 876 721 975 742; x_wconf 69' lang='lat' dir='ltr'>faciendas,</span> <span class='ocrx_word' id='word_1_250' title='bbox 983 725 1001 738; x_wconf 89' lang='lat' dir='ltr'>et</span> <span class='ocrx_word' id='word_1_251' title='bbox 1010 722 1032 738; x_wconf 84' lang='lat' dir='ltr'>ad</span> <span class='ocrx_word' id='word_1_252' title='bbox 1042 722 1102 738; x_wconf 84' lang='lat' dir='ltr'>onmia</span> 
     </span>
     <span class='ocr_line' id='line_1_22' title="bbox 178 753 1103 777; baseline 0 -7"><span class='ocrx_word' id='word_1_253' title='bbox 178 754 252 776; x_wconf 76' lang='lat' dir='ltr'>predicta</span> <span class='ocrx_word' id='word_1_254' title='bbox 265 754 368 776; x_wconf 84' lang='lat' dir='ltr'>exequenda</span> <span class='ocrx_word' id='word_1_255' title='bbox 382 759 415 770; x_wconf 89' lang='lat' dir='ltr'>suo</span> <span class='ocrx_word' id='word_1_256' title='bbox 426 753 500 776; x_wconf 88' lang='lat' dir='ltr'>speciali</span> <span class='ocrx_word' id='word_1_257' title='bbox 512 754 616 776; x_wconf 87' lang='lat' dir='ltr'>juramento</span> <span class='ocrx_word' id='word_1_258' title='bbox 626 753 725 776; x_wconf 85' lang='lat' dir='ltr'>obligetur.</span> <span class='ocrx_word' id='word_1_259' title='bbox 736 753 851 770; x_wconf 79' lang='lat' dir='ltr'>Inhibuimus</span> <span class='ocrx_word' id='word_1_260' title='bbox 861 753 936 777; x_wconf 85' lang='lat' dir='ltr'>insuper</span> <span class='ocrx_word' id='word_1_261' title='bbox 946 754 1011 771; x_wconf 88' lang='lat' dir='ltr'>iisdem</span> <span class='ocrx_word' id='word_1_262' title='bbox 1021 754 1103 771; x_wconf 75' lang='lat' dir='ltr'>servien—</span> 
     </span>
     <span class='ocr_line' id='line_1_23' title="bbox 178 785 1102 809; baseline 0 -7"><span class='ocrx_word' id='word_1_263' title='bbox 178 785 223 802; x_wconf 80' lang='lat' dir='ltr'>tibus</span> <span class='ocrx_word' id='word_1_264' title='bbox 232 789 292 802; x_wconf 89' lang='lat' dir='ltr'>nostre</span> <span class='ocrx_word' id='word_1_265' title='bbox 302 786 386 806; x_wconf 81' lang='lat' dir='ltr'>nationis,</span> <span class='ocrx_word' id='word_1_266' title='bbox 396 789 430 802; x_wconf 87' lang='lat' dir='ltr'>tam</span> <span class='ocrx_word' id='word_1_267' title='bbox 438 785 512 802; x_wconf 86' lang='lat' dir='ltr'>bedello</span> <span class='ocrx_word' id='word_1_268' title='bbox 522 791 575 808; x_wconf 82' lang='lat' dir='ltr'>quatu</span> <span class='ocrx_word' id='word_1_269' title='bbox 584 786 700 806; x_wconf 85' lang='lat' dir='ltr'>subbedello,</span> <span class='ocrx_word' id='word_1_270' title='bbox 709 785 743 803; x_wconf 91' lang='lat' dir='ltr'>sub</span> <span class='ocrx_word' id='word_1_271' title='bbox 752 791 797 808; x_wconf 85' lang='lat' dir='ltr'>pena</span> <span class='ocrx_word' id='word_1_272' title='bbox 803 786 909 808; x_wconf 79' lang='lat' dir='ltr'>juramenti,</span> <span class='ocrx_word' id='word_1_273' title='bbox 917 792 940 802; x_wconf 92' lang='lat' dir='ltr'>ne</span> <span class='ocrx_word' id='word_1_274' title='bbox 948 786 1014 808; x_wconf 80' lang='lat' dir='ltr'>aliquis</span> <span class='ocrx_word' id='word_1_275' title='bbox 1022 786 1102 809; x_wconf 87' lang='lat' dir='ltr'>ipsorum</span> 
     </span>
     <span class='ocr_line' id='line_1_24' title="bbox 178 817 1104 840; baseline 0 -6"><span class='ocrx_word' id='word_1_276' title='bbox 178 818 284 834; x_wconf 85' lang='lat' dir='ltr'>bedellorum</span> <span class='ocrx_word' id='word_1_277' title='bbox 294 818 348 840; x_wconf 90' lang='lat' dir='ltr'>hujus</span> <span class='ocrx_word' id='word_1_278' title='bbox 361 818 454 834; x_wconf 86' lang='lat' dir='ltr'>debitores</span> <span class='ocrx_word' id='word_1_279' title='bbox 468 818 539 834; x_wconf 87' lang='lat' dir='ltr'>nacioni</span> <span class='ocrx_word' id='word_1_280' title='bbox 553 817 651 840; x_wconf 71' lang='lat' dir='ltr'>obligatos,</span> <span class='ocrx_word' id='word_1_281' title='bbox 667 821 685 834; x_wconf 87' lang='lat' dir='ltr'>et</span> <span class='ocrx_word' id='word_1_282' title='bbox 699 824 708 835; x_wconf 81' lang='lat' dir='ltr'>a</span> <span class='ocrx_word' id='word_1_283' title='bbox 723 818 777 835; x_wconf 89' lang='lat' dir='ltr'>nobis</span> <span class='ocrx_word' id='word_1_284' title='bbox 786 818 824 840; x_wconf 76' lang='lat' dir='ltr'>jani</span> <span class='ocrx_word' id='word_1_285' title='bbox 836 818 923 840; x_wconf 64' lang='lat' dir='ltr'>privatos,</span> <span class='ocrx_word' id='word_1_286' title='bbox 935 818 958 834; x_wconf 83' lang='lat' dir='ltr'>ad</span> <span class='ocrx_word' id='word_1_287' title='bbox 970 818 1041 840; x_wconf 83' lang='lat' dir='ltr'>aliquos</span> <span class='ocrx_word' id='word_1_288' title='bbox 1053 821 1104 835; x_wconf 85' lang='lat' dir='ltr'>actus</span> 
     </span>
     <span class='ocr_line' id='line_1_25' title="bbox 178 850 1104 873; baseline 0 -7"><span class='ocrx_word' id='word_1_289' title='bbox 178 853 235 867; x_wconf 90' lang='lat' dir='ltr'>nostre</span> <span class='ocrx_word' id='word_1_290' title='bbox 248 850 327 867; x_wconf 77' lang='lat' dir='ltr'>nacionis</span> <span class='ocrx_word' id='word_1_291' title='bbox 342 856 416 867; x_wconf 86' lang='lat' dir='ltr'>monere</span> <span class='ocrx_word' id='word_1_292' title='bbox 428 856 461 867; x_wconf 87' lang='lat' dir='ltr'>seu</span> <span class='ocrx_word' id='word_1_293' title='bbox 473 850 529 866; x_wconf 77' lang='lat' dir='ltr'>citare</span> <span class='ocrx_word' id='word_1_294' title='bbox 542 853 640 873; x_wconf 85' lang='lat' dir='ltr'>presumat.</span> <span class='ocrx_word' id='word_1_295' title='bbox 653 850 736 867; x_wconf 81' lang='lat' dir='ltr'>Predictn</span> <span class='ocrx_word' id='word_1_296' title='bbox 748 856 791 867; x_wconf 77' lang='lat' dir='ltr'>vero</span> <span class='ocrx_word' id='word_1_297' title='bbox 804 850 863 867; x_wconf 77' lang='lat' dir='ltr'>onmia</span> <span class='ocrx_word' id='word_1_298' title='bbox 876 856 949 867; x_wconf 79' lang='lat' dir='ltr'>servare</span> <span class='ocrx_word' id='word_1_299' title='bbox 961 856 995 867; x_wconf 87' lang='lat' dir='ltr'>nos</span> <span class='ocrx_word' id='word_1_300' title='bbox 1011 856 1074 867; x_wconf 86' lang='lat' dir='ltr'>ornnes</span> <span class='ocrx_word' id='word_1_301' title='bbox 1086 854 1104 867; x_wconf 87' lang='lat' dir='ltr'>et</span> 
     </span>
     <span class='ocr_line' id='line_1_26' title="bbox 178 882 1104 905; baseline 0 -6"><span class='ocrx_word' id='word_1_302' title='bbox 178 882 241 905; x_wconf 76' lang='lat' dir='ltr'>singuli</span> <span class='ocrx_word' id='word_1_303' title='bbox 251 883 330 905; x_wconf 86' lang='lat' dir='ltr'>magistri</span> <span class='ocrx_word' id='word_1_304' title='bbox 342 883 424 899; x_wconf 80' lang='lat' dir='ltr'>nacionis</span> <span class='ocrx_word' id='word_1_305' title='bbox 434 885 497 899; x_wconf 87' lang='lat' dir='ltr'>nostre</span> <span class='ocrx_word' id='word_1_306' title='bbox 507 883 632 905; x_wconf 76' lang='lat' dir='ltr'>promisimus,</span> <span class='ocrx_word' id='word_1_307' title='bbox 644 888 676 905; x_wconf 89' lang='lat' dir='ltr'>pro</span> <span class='ocrx_word' id='word_1_308' title='bbox 687 882 741 899; x_wconf 82' lang='lat' dir='ltr'>nobis</span> <span class='ocrx_word' id='word_1_309' title='bbox 751 886 769 899; x_wconf 87' lang='lat' dir='ltr'>et</span> <span class='ocrx_word' id='word_1_310' title='bbox 778 883 846 899; x_wconf 81' lang='lat' dir='ltr'>nostris</span> <span class='ocrx_word' id='word_1_311' title='bbox 855 882 994 899; x_wconf 83' lang='lat' dir='ltr'>successoribus</span> <span class='ocrx_word' id='word_1_312' title='bbox 1004 883 1104 905; x_wconf 84' lang='lat' dir='ltr'>incepturis</span> 
     </span>
     <span class='ocr_line' id='line_1_27' title="bbox 178 914 1105 937; baseline -0.001 -6"><span class='ocrx_word' id='word_1_313' title='bbox 178 920 207 931; x_wconf 77' lang='lat' dir='ltr'>seu</span> <span class='ocrx_word' id='word_1_314' title='bbox 217 914 339 937; x_wconf 83' lang='lat' dir='ltr'>resumpturis‚</span> <span class='ocrx_word' id='word_1_315' title='bbox 351 914 386 931; x_wconf 82' lang='lat' dir='ltr'>{ide</span> <span class='ocrx_word' id='word_1_316' title='bbox 396 914 470 937; x_wconf 79' lang='lat' dir='ltr'>prestita</span> <span class='ocrx_word' id='word_1_317' title='bbox 481 914 578 937; x_wconf 76' lang='lat' dir='ltr'>corporali,</span> <span class='ocrx_word' id='word_1_318' title='bbox 589 917 677 936; x_wconf 82' lang='lat' dir='ltr'>quantum</span> <span class='ocrx_word' id='word_1_319' title='bbox 686 914 710 931; x_wconf 87' lang='lat' dir='ltr'>de</span> <span class='ocrx_word' id='word_1_320' title='bbox 717 915 759 937; x_wconf 88' lang='lat' dir='ltr'>jure</span> <span class='ocrx_word' id='word_1_321' title='bbox 770 920 868 937; x_wconf 89' lang='lat' dir='ltr'>possumus</span> <span class='ocrx_word' id='word_1_322' title='bbox 879 918 896 931; x_wconf 92' lang='lat' dir='ltr'>et</span> <span class='ocrx_word' id='word_1_323' title='bbox 906 914 1001 934; x_wconf 76' lang='lat' dir='ltr'>debemus,</span> <span class='ocrx_word' id='word_1_324' title='bbox 1012 920 1045 931; x_wconf 86' lang='lat' dir='ltr'>nec</span> <span class='ocrx_word' id='word_1_325' title='bbox 1055 914 1105 931; x_wconf 86' lang='lat' dir='ltr'>ordi-</span> 
     </span>
     <span class='ocr_line' id='line_1_28' title="bbox 178 946 1104 969; baseline 0 -6"><span class='ocrx_word' id='word_1_326' title='bbox 178 947 243 963; x_wconf 83' lang='lat' dir='ltr'>nacioni</span> <span class='ocrx_word' id='word_1_327' title='bbox 253 946 332 969; x_wconf 79' lang='lat' dir='ltr'>predicte</span> <span class='ocrx_word' id='word_1_328' title='bbox 342 952 375 963; x_wconf 91' lang='lat' dir='ltr'>seu</span> <span class='ocrx_word' id='word_1_329' title='bbox 388 950 462 967; x_wconf 88' lang='lat' dir='ltr'>statuto,</span> <span class='ocrx_word' id='word_1_330' title='bbox 473 947 569 963; x_wconf 77' lang='lat' dir='ltr'>occasione</span> <span class='ocrx_word' id='word_1_331' title='bbox 580 947 657 969; x_wconf 84' lang='lat' dir='ltr'>alicujus</span> <span class='ocrx_word' id='word_1_332' title='bbox 670 947 784 963; x_wconf 86' lang='lat' dir='ltr'>condicionis</span> <span class='ocrx_word' id='word_1_333' title='bbox 797 947 850 963; x_wconf 84' lang='lat' dir='ltr'>tacite</span> <span class='ocrx_word' id='word_1_334' title='bbox 862 947 891 963; x_wconf 83' lang='lat' dir='ltr'>vel</span> <span class='ocrx_word' id='word_1_335' title='bbox 903 952 997 969; x_wconf 80' lang='lat' dir='ltr'>expresse.</span> <span class='ocrx_word' id='word_1_336' title='bbox 1008 947 1104 963; x_wconf 31' lang='lat' dir='ltr'>contraire*</span> 
     </span>
     <span class='ocr_line' id='line_1_29' title="bbox 177 979 1104 1001; baseline 0 -6"><span class='ocrx_word' id='word_1_337' title='bbox 177 980 196 995; x_wconf 88' lang='lat' dir='ltr'>ln</span> <span class='ocrx_word' id='word_1_338' title='bbox 205 979 254 1001; x_wconf 85' lang='lat' dir='ltr'>cujus</span> <span class='ocrx_word' id='word_1_339' title='bbox 262 979 286 995; x_wconf 90' lang='lat' dir='ltr'>rei</span> <span class='ocrx_word' id='word_1_340' title='bbox 295 979 418 995; x_wconf 78' lang='lat' dir='ltr'>testimonium</span> <span class='ocrx_word' id='word_1_341' title='bbox 427 979 507 1001; x_wconf 85' lang='lat' dir='ltr'>sigillum</span> <span class='ocrx_word' id='word_1_342' title='bbox 517 982 579 996; x_wconf 87' lang='lat' dir='ltr'>nostre</span> <span class='ocrx_word' id='word_1_343' title='bbox 587 979 670 995; x_wconf 83' lang='lat' dir='ltr'>nacionis</span> <span class='ocrx_word' id='word_1_344' title='bbox 679 979 796 1001; x_wconf 86' lang='lat' dir='ltr'>presentibus</span> <span class='ocrx_word' id='word_1_345' title='bbox 804 979 889 995; x_wconf 80' lang='lat' dir='ltr'>duximus</span> <span class='ocrx_word' id='word_1_346' title='bbox 896 979 1031 1001; x_wconf 65' lang='lat' dir='ltr'>apponendum.</span> <span class='ocrx_word' id='word_1_347' title='bbox 1040 979 1104 995; x_wconf 80' lang='lat' dir='ltr'>Datuui</span> 
     </span>
     <span class='ocr_line' id='line_1_30' title="bbox 177 1010 1103 1034; baseline 0 -7"><span class='ocrx_word' id='word_1_348' title='bbox 177 1017 220 1027; x_wconf 88' lang='lat' dir='ltr'>anno</span> <span class='ocrx_word' id='word_1_349' title='bbox 232 1011 302 1027; x_wconf 78' lang='lat' dir='ltr'>Domini</span> <span class='ocrx_word' id='word_1_350' title='bbox 315 1010 411 1027; x_wconf 83' lang='lat' dir='ltr'>millesimo</span> <span class='ocrx_word' id='word_1_351' title='bbox 424 1011 462 1028; x_wconf 86' lang='lat' dir='ltr'>CC⁰</span> <span class='ocrx_word' id='word_1_352' title='bbox 473 1012 593 1034; x_wconf 81' lang='lat' dir='ltr'>nonagesimo</span> <span class='ocrx_word' id='word_1_353' title='bbox 604 1014 662 1031; x_wconf 83' lang='lat' dir='ltr'>sexto,</span> <span class='ocrx_word' id='word_1_354' title='bbox 674 1011 704 1027; x_wconf 86' lang='lat' dir='ltr'>die</span> <span class='ocrx_word' id='word_1_355' title='bbox 716 1011 802 1028; x_wconf 88' lang='lat' dir='ltr'>mercurii</span> <span class='ocrx_word' id='word_1_356' title='bbox 812 1015 854 1034; x_wconf 91' lang='lat' dir='ltr'>post</span> <span class='ocrx_word' id='word_1_357' title='bbox 866 1011 931 1027; x_wconf 82' lang='lat' dir='ltr'>festum</span> <span class='ocrx_word' id='word_1_358' title='bbox 947 1011 1007 1028; x_wconf 79' lang='lat' dir='ltr'>Sancti</span> <span class='ocrx_word' id='word_1_359' title='bbox 1020 1011 1103 1033; x_wconf 85' lang='lat' dir='ltr'>Remigii.</span> 
     </span>
    </p>
   </div>
   <div class='ocr_carea' id='block_1_3' title="bbox 219 1060 724 1076">
    <p class='ocr_par' dir='ltr' id='par_1_3' title="bbox 219 1060 724 1076">
     <span class='ocr_line' id='line_1_31' title="bbox 219 1060 724 1076; baseline 0.002 -5"><span class='ocrx_word' id='word_1_360' title='bbox 219 1060 249 1072; x_wconf 62' lang='lat' dir='ltr'>cmi.</span> <span class='ocrx_word' id='word_1_361' title='bbox 256 1060 314 1074; x_wconf 61' lang='lat' dir='ltr'>amm„</span> <span class='ocrx_word' id='word_1_362' title='bbox 320 1060 342 1071; x_wconf 74' lang='lat' dir='ltr'>roi.</span> <span class='ocrx_word' id='word_1_363' title='bbox 351 1060 400 1071; x_wconf 56' lang='lat'>1³22—</span> <span class='ocrx_word' id='word_1_364' title='bbox 406 1060 475 1075; x_wconf 56' lang='lat' dir='ltr'>:our-{nim</span> <span class='ocrx_word' id='word_1_365' title='bbox 482 1063 496 1072; x_wconf 67' lang='lat' dir='ltr'>no</span> <span class='ocrx_word' id='word_1_366' title='bbox 504 1061 530 1075; x_wconf 65' lang='lat'>³2⁴,</span> <span class='ocrx_word' id='word_1_367' title='bbox 537 1060 560 1072; x_wconf 66' lang='lat' dir='ltr'>um</span> <span class='ocrx_word' id='word_1_368' title='bbox 566 1064 638 1076; x_wconf 61' lang='lat' dir='ltr'>perperam</span> <span class='ocrx_word' id='word_1_369' title='bbox 643 1061 651 1072; x_wconf 68' lang='grc' dir='ltr'>ε</span> <span class='ocrx_word' id='word_1_370' title='bbox 658 1060 724 1073; x_wconf 61' lang='lat' dir='ltr'>omni-rit⁴</span> 
     </span>
    </p>
   </div>
   <div class='ocr_carea' id='block_1_4' title="bbox 175 1149 1030 1171">
    <p class='ocr_par' dir='ltr' id='par_1_4' title="bbox 175 1149 1030 1171">
     <span class='ocr_line' id='line_1_32' title="bbox 175 1149 1030 1171; baseline 0 -4"><span class='ocrx_word' id='word_1_371' title='bbox 175 1149 227 1168; x_wconf 81' lang='grc'><strong>600.</strong></span> <span class='ocrx_word' id='word_1_372' title='bbox 237 1154 319 1170; x_wconf 66' lang='lat' dir='ltr'>Bonisacius</span> <span class='ocrx_word' id='word_1_373' title='bbox 330 1154 363 1167; x_wconf 82' lang='grc' dir='ltr'>νιη</span> <span class='ocrx_word' id='word_1_374' title='bbox 368 1154 442 1171; x_wconf 71' lang='lat' dir='ltr'>decanum,</span> <span class='ocrx_word' id='word_1_375' title='bbox 452 1156 524 1167; x_wconf 66' lang='lat' dir='ltr'>cantorem</span> <span class='ocrx_word' id='word_1_376' title='bbox 532 1156 546 1167; x_wconf 65' lang='grc' dir='ltr'>ιι</span> <span class='ocrx_word' id='word_1_377' title='bbox 553 1154 656 1167; x_wconf 67' lang='lat' dir='ltr'>cancellarium</span> <span class='ocrx_word' id='word_1_378' title='bbox 664 1154 685 1167; x_wconf 70' lang='lat' dir='ltr'>aa</span> <span class='ocrx_word' id='word_1_379' title='bbox 693 1154 784 1167; x_wconf 67' lang='lat' dir='ltr'>residendum</span> <span class='ocrx_word' id='word_1_380' title='bbox 793 1154 807 1167; x_wconf 77' lang='grc' dir='ltr'>ῑιι</span> <span class='ocrx_word' id='word_1_381' title='bbox 815 1153 876 1167; x_wconf 64' lang='lat' dir='ltr'>ecclesia</span> <span class='ocrx_word' id='word_1_382' title='bbox 884 1154 966 1167; x_wconf 74' lang='lat' dir='ltr'>Parisiensi</span> <span class='ocrx_word' id='word_1_383' title='bbox 971 1154 1030 1171; x_wconf 70' lang='lat' dir='ltr'>obligat.</span> 
     </span>
    </p>
   </div>
   <div class='ocr_carea' id='block_1_5' title="bbox 756 1201 958 1217">
    <p class='ocr_par' dir='ltr' id='par_1_5' title="bbox 756 1201 958 1217">
     <span class='ocr_line' id='line_1_33' title="bbox 756 1201 958 1217; baseline -0.01 -1"><span class='ocrx_word' id='word_1_384' title='bbox 756 1202 794 1216; x_wconf 70' lang='lat'>7296,</span> <span class='ocrx_word' id='word_1_385' title='bbox 802 1201 875 1215; x_wconf 58' lang='lat' dir='ltr'>mambra</span> <span class='ocrx_word' id='word_1_386' title='bbox 883 1202 901 1217; x_wconf 67' lang='grc'>18,</span> <span class='ocrx_word' id='word_1_387' title='bbox 908 1202 958 1215; x_wconf 67' lang='lat' dir='ltr'>Roman.</span> 
     </span>
    </p>
   </div>
   <div class='ocr_carea' id='block_1_6' title="bbox 173 1237 1101 1293">
    <p class='ocr_par' dir='ltr' id='par_1_6' title="bbox 173 1237 1101 1293">
     <span class='ocr_line' id='line_1_34' title="bbox 213 1237 1101 1260; baseline 0 -6"><span class='ocrx_word' id='word_1_388' title='bbox 213 1237 240 1254; x_wconf 80' lang='lat' dir='ltr'>Ad</span> <span class='ocrx_word' id='word_1_389' title='bbox 253 1241 355 1260; x_wconf 75' lang='lat' dir='ltr'>perpetuam</span> <span class='ocrx_word' id='word_1_390' title='bbox 369 1238 395 1254; x_wconf 94' lang='lat' dir='ltr'>rei</span> <span class='ocrx_word' id='word_1_391' title='bbox 408 1238 520 1254; x_wconf 36' lang='lat' dir='ltr'>memoriam,</span> <span class='ocrx_word' id='word_1_392' title='bbox 534 1238 592 1260; x_wconf 79' lang='lat' dir='ltr'>Digna</span> <span class='ocrx_word' id='word_1_393' title='bbox 605 1244 640 1254; x_wconf 85' lang='lat' dir='ltr'>nos</span> <span class='ocrx_word' id='word_1_394' title='bbox 653 1241 740 1260; x_wconf 79' lang='lat' dir='ltr'>provocat</span> <span class='ocrx_word' id='word_1_395' title='bbox 749 1244 769 1254; x_wconf 86' lang='lat' dir='ltr'>ac</span> <span class='ocrx_word' id='word_1_396' title='bbox 780 1238 845 1254; x_wconf 82' lang='lat' dir='ltr'>excitat</span> <span class='ocrx_word' id='word_1_397' title='bbox 858 1238 903 1254; x_wconf 82' lang='lat' dir='ltr'>ratio</span> <span class='ocrx_word' id='word_1_398' title='bbox 917 1237 997 1260; x_wconf 82' lang='lat' dir='ltr'>legitima</span> <span class='ocrx_word' id='word_1_399' title='bbox 1010 1241 1027 1254; x_wconf 89' lang='lat' dir='ltr'>et</span> <span class='ocrx_word' id='word_1_400' title='bbox 1039 1238 1101 1255; x_wconf 84' lang='lat' dir='ltr'>efficax</span> 
     </span>
     <span class='ocr_line' id='line_1_35' title="bbox 173 1269 1100 1293; baseline 0.001 -7"><span class='ocrx_word' id='word_1_401' title='bbox 173 1269 246 1286; x_wconf 77' lang='lat' dir='ltr'>animum</span> <span class='ocrx_word' id='word_1_402' title='bbox 255 1275 307 1287; x_wconf 80' lang='lat' dir='ltr'>causa</span> <span class='ocrx_word' id='word_1_403' title='bbox 317 1273 383 1291; x_wconf 81' lang='lat' dir='ltr'>movet,</span> <span class='ocrx_word' id='word_1_404' title='bbox 392 1273 411 1286; x_wconf 92' lang='lat' dir='ltr'>ut</span> <span class='ocrx_word' id='word_1_405' title='bbox 419 1270 466 1286; x_wconf 93' lang='lat' dir='ltr'>inter</span> <span class='ocrx_word' id='word_1_406' title='bbox 473 1273 544 1287; x_wconf 83' lang='lat' dir='ltr'>ceteras</span> <span class='ocrx_word' id='word_1_407' title='bbox 552 1269 602 1286; x_wconf 88' lang='lat' dir='ltr'>orbis</span> <span class='ocrx_word' id='word_1_408' title='bbox 611 1270 705 1290; x_wconf 86' lang='lat' dir='ltr'>ecclesias,</span> <span class='ocrx_word' id='word_1_409' title='bbox 714 1270 781 1292; x_wconf 88' lang='lat' dir='ltr'>quibus</span> <span class='ocrx_word' id='word_1_410' title='bbox 792 1275 826 1287; x_wconf 91' lang='lat' dir='ltr'>nos</span> <span class='ocrx_word' id='word_1_411' title='bbox 837 1269 911 1293; x_wconf 89' lang='lat' dir='ltr'>pretulit</span> <span class='ocrx_word' id='word_1_412' title='bbox 918 1270 998 1293; x_wconf 80' lang='lat' dir='ltr'>benigna</span> <span class='ocrx_word' id='word_1_413' title='bbox 1005 1269 1100 1288; x_wconf 83' lang='lat' dir='ltr'>clementia</span> 
     </span>
    </p>
   </div>
   <div class='ocr_carea' id='block_1_7' title="bbox 173 1301 1101 1345">
    <p class='ocr_par' dir='ltr' id='par_1_7' title="bbox 173 1301 1101 1345">
     <span class='ocr_line' id='line_1_36' title="bbox 173 1301 1101 1326; baseline 0.002 -8"><span class='ocrx_word' id='word_1_414' title='bbox 173 1301 270 1323; x_wconf 75' lang='lat' dir='ltr'>Salvatoris=</span> <span class='ocrx_word' id='word_1_415' title='bbox 287 1303 407 1319; x_wconf 81' lang='lat' dir='ltr'>Parisiensein</span> <span class='ocrx_word' id='word_1_416' title='bbox 424 1302 520 1319; x_wconf 80' lang='lat' dir='ltr'>ecclesiam</span> <span class='ocrx_word' id='word_1_417' title='bbox 537 1302 630 1319; x_wconf 79' lang='lat' dir='ltr'>favoribus</span> <span class='ocrx_word' id='word_1_418' title='bbox 649 1308 782 1325; x_wconf 85' lang='lat' dir='ltr'>prosequamur</span> <span class='ocrx_word' id='word_1_419' title='bbox 801 1303 878 1323; x_wconf 76' lang='lat' dir='ltr'>eximiis,</span> <span class='ocrx_word' id='word_1_420' title='bbox 896 1306 914 1320; x_wconf 97' lang='lat' dir='ltr'>et</span> <span class='ocrx_word' id='word_1_421' title='bbox 932 1302 955 1319; x_wconf 82' lang='lat' dir='ltr'>ad</span> <span class='ocrx_word' id='word_1_422' title='bbox 974 1306 1039 1320; x_wconf 80' lang='lat' dir='ltr'>statum</span> <span class='ocrx_word' id='word_1_423' title='bbox 1060 1304 1101 1326; x_wconf 86' lang='lat' dir='ltr'>ejus</span> 
     </span>
     <span class='ocr_line' id='line_1_37' title="bbox 229 1330 1039 1345; baseline 0.001 -3"><span class='ocrx_word' id='word_1_424' title='bbox 229 1332 245 1341; x_wconf 65' lang='lat' dir='ltr'>n</span> <span class='ocrx_word' id='word_1_425' title='bbox 253 1330 299 1343; x_wconf 64' lang='lat' dir='ltr'>enare.</span> <span class='ocrx_word' id='word_1_426' title='bbox 310 1331 349 1343; x_wconf 73' lang='lat' dir='ltr'>Um&#39;v.</span> <span class='ocrx_word' id='word_1_427' title='bbox 358 1331 405 1343; x_wconf 71' lang='lat' dir='ltr'>Paris.</span> <span class='ocrx_word' id='word_1_428' title='bbox 415 1331 431 1345; x_wconf 86' lang='grc' dir='ltr'>ιι,</span> <span class='ocrx_word' id='word_1_429' title='bbox 440 1331 452 1343; x_wconf 77' lang='lat'>1.</span> <span class='ocrx_word' id='word_1_430' title='bbox 1023 1332 1039 1343; x_wconf 66' lang='grc' dir='ltr'>ιο</span> 
     </span>
    </p>
   </div>
  </div>
 </body>
</html>
