1273 1538
169 44 189 61 16
353 60 355 62 .
460 49 618 61 cutim-nmmum
635 49 730 61 uxuvens.
748 50 812 62 mnis.
1046 43 1094 62 [1287

213 86 267 103 Sexto
278 85 300 103 de
313 85 410 109 privilegio
420 86 521 104 Clementis
531 87 566 109 (IV)
577 87 648 103 dicebat
659 87 708 109 quod
720 93 782 104 verum
796 90 824 104 est
835 87 884 109 quod
894 86 980 103 Clemens
990 90 1094 109 potestatem

169 125 232 136 eorum
243 120 366 140 restrinxerat=
375 120 424 143 quod
434 120 456 137 de
467 120 539 137 casibus
550 120 646 137 reservatis
656 120 748 143 episcopis
758 126 794 137 non
805 126 824 137 se
835 123 917 142 poterant
927 120 1055 140 immuniti-erm
1064 120 1096 137 sed

169 159 206 170 non
220 157 271 170 erant
285 156 312 170 tot
323 159 377 170 casus
390 159 436 176 quos
450 153 587 170 nominahamus
601 153 619 170 in
633 153 701 170 nostris
715 153 805 170 versibus.
817 154 864 170 Istos
876 159 930 170 casus
943 156 1011 170 tantum
1023 153 1097 170 confite-

169 186 222 204 batur
237 193 241 204 z
257 187 288 210 qui
307 187 349 203 facit
367 187 462 208 incestum,
480 186 570 204 deflorans
586 190 616 203 aut
631 186 728 207 homicida,
745 186 853 209 sacrilegus,
870 189 939 209 patrum
956 192 1053 209 percussor
1068 187 1096 203 vel

169 220 266 241 sodomita,
277 220 381 243 pontificem
395 226 474 243 querens
489 226 522 237 nec
537 226 574 237 non
588 220 619 243 qui
633 219 703 236 miserit
712 219 779 242 ignem⁴
791 220 828 236 Hos
840 225 894 237 casus
903 219 991 237 habemus
1006 225 1038 242 per
1047 225 1097 236 suam

169 253 304 271 consessionem
313 253 335 270 de
342 260 378 277 quo
386 253 463 270 fecimus
471 253 510 271 fieri
519 253 611 276 publicum
619 253 767 273 instrumentum,
775 257 793 270 et
800 253 876 270 multum
884 253 982 270 doluerunt
989 253 1019 270 alii
1027 253 1097 274 fratres,

169 287 246 304 maxime
256 287 344 307 Minores,
355 287 377 303 ad
391 293 437 310 quos
452 287 586 310 respondimus,
597 287 647 309 qnod
658 292 723 303 versus
737 287 794 303 nostri
807 290 905 309 sequentes
917 287 956 303 veri
968 290 1011 303 sunt
1022 287 1053 309 qui
1063 287 1098 304 hiis

169 320 254 337 versibus
264 320 381 337 eontinentur
392 326 396 337 ι
408 323 534 343 transgressor
544 320 587 340 voti,
599 320 689 343 perjurus.
701 320 836 342 sortilegusque
850 323 867 337 et
880 320 954 337 mentita
965 320 1017 340 fides=
1030 320 1098 337 faciens

170 353 260 374 incendia,
276 353 333 376 prolis
347 359 454 376 oppressor,
469 353 593 376 blasphemus,
607 353 706 374 hereticus.
717 353 775 370 omnis
792 353 869 374 adulter„
882 353 993 376 pontificem,
1007 356 1038 370 etc.
1052 354 1098 370 Istos

170 392 224 403 casus
234 386 332 409 probamus
343 392 375 409 per
382 387 430 409 jura.
442 387 464 403 Et
473 386 528 403 oblati
538 387 611 403 fuerunt
621 385 663 403 libri
674 389 691 403 et
701 386 743 403 lecti
752 386 771 403 in
781 387 875 409 presencia
885 386 1012 409 magistrorum
1016 400 1048 403 .....

215 420 295 443 Septimo
310 420 354 437 dixit
370 420 419 443 quod
433 420 541 437 confitentes
554 420 581 437 eis
595 426 631 437 non
647 423 731 436 tenentur
745 419 809 436 iterum
824 420 906 437 confiteri
920 420 994 443 proprio
1010 420 1099 437 sacerdoti

171 459 204 476 per
213 453 329 477 privilegium
339 453 408 470 domini
418 453 497 474 Martini„
508 456 526 470 et
534 453 609 470 vocabat
619 453 734 476 privilegium
744 453 881 476 auipliacionern
891 453 992 476 potestatis.
1003 453 1056 470 Ponit
1067 459 1099 476 pro

172 487 251 508 racione„
267 487 308 510 quia
325 486 408 510 injuriam
427 486 479 504 fieret
495 490 613 507 sacramento„
628 486 644 504 si
660 486 764 507 reiteretur,
780 489 798 503 et
812 487 860 509 quod
878 492 922 509 papa
939 492 976 503 non
993 490 1031 504 crat
1047 493 1100 510 supra

172 523 289 541 sacramenta=
307 524 325 537 et
344 520 394 542 quod
411 520 426 537 si
444 520 536 537 mandaret
553 520 601 543 quod
618 519 717 543 baptizaret
733 525 800 543 pueros
816 520 835 536 iu
851 520 900 541 vino,
918 520 958 542 ipse
975 526 1011 537 non
1027 520 1099 537 faceret.

172 554 286 576 Responsum
302 554 336 570 suit
351 553 400 576 quod
415 559 452 570 non
467 557 495 570 est
511 553 626 576 privilegium
641 553 764 577 ampliativum
778 554 811 570 sed
824 553 952 574 restrictivum,
968 554 1009 576 quia
1026 560 1047 571 ex
1065 560 1100 577 quo

171 586 280 604 confitentes
295 587 321 604 eis
337 593 381 609 papa
396 587 470 603 remittit
484 587 506 603 ad
520 587 631 608 sacerdotes,
647 590 753 610 potestatem
768 592 805 603 non
819 586 886 604 hahent
902 587 937 603 nisi
955 587 977 604 de
993 587 1066 604 casibus
1083 587 1100 604 in

172 620 239 643 quihus
255 620 350 637 absolvere
368 623 445 643 possunt
461 620 554 643 simplices
571 621 681 637 sacerdotes⁴
697 621 740 637 Nam
758 620 830 637 mandat
845 626 890 643 papa
907 620 956 643 quod
970 623 1100 637 sacramentum

172 654 274 675 reiteretur‚
285 653 326 676 quia
337 653 484 670 sacramentalem
494 654 627 670 consessionem
638 654 665 671 eis
676 660 713 670 non
723 654 823 670 committit.
835 653 866 670 llla
879 657 952 676 estque
964 654 1060 671 constituta
1074 657 1101 671 est

172 686 206 703 suh
219 692 264 709 pena
278 686 363 703 videlicet
373 686 435 703 Omnis
447 687 539 710 utriusque
548 693 606 708 sexus,
617 687 647 704 illa
657 693 711 710 quam
723 687 764 710 quis
777 687 811 704 sub
822 693 854 709 spe
863 687 916 704 venie
927 687 996 710 pluries
1006 687 1101 710 [pluribus]

172 723 232 743 potest
246 720 329 737 confiteri
345 720 446 737 secundum
462 720 592 743 Augustinum,
606 720 628 738 de
644 720 742 743 penitentia
756 721 773 737 d.
790 721 799 738 1
813 727 829 737 c.
842 726 891 743 quem
902 720 970 743 penitet
987 720 1016 742 [de
1033 721 1100 743 poenit.

172 753 214 771 dist.
224 754 261 775 1,c.
269 754 305 776 88],
314 754 355 777 quin
363 753 393 771 illa
404 757 432 771 est
441 754 513 771 consilii
524 757 609 777 quantum
617 754 639 771 nd
647 754 755 772 confitentes
764 760 801 771 non
810 754 899 777 precepti3
908 754 938 771 illa
947 760 982 777 que
992 754 1037 771 sacta
1045 757 1073 771 est
1080 754 1102 771 de

171 787 276 805 confitendo
292 788 383 804 sacerdoti
400 791 428 805 est
442 788 523 811 precepti
538 791 557 805 et
569 794 607 804 non
621 787 699 805 consilii,
716 789 739 805 Et
751 788 794 805 licet
807 794 851 811 papa
867 794 903 804 non
917 788 976 811 possit
992 791 1102 805 sacramenta

172 824 249 842 mutare,
257 821 331 838 modurn
342 824 401 838 tamen
412 821 495 838 tradendi
505 824 616 838 sacramenta
626 821 673 838 bene
683 825 743 844 potest
753 821 854 842 immutare,
865 821 920 838 eciam
933 821 972 838 sula
982 821 1102 842 consuetudo,

172 860 196 875 xi,
210 854 235 875 d.,
245 860 261 871 α
277 854 435 872 ecclesiasticarum
451 854 584 872 insn‘tucionum
600 854 660 877 [Decr.
674 854 716 872 dist.
732 855 758 875 11,
772 861 788 871 c.
803 855 824 875 5].
839 855 883 871 Item
898 854 943 871 dixit
957 854 1006 877 quod
1022 854 1103 871 commit-

173 887 254 904 tebamus
265 887 381 911 sacrilegium
394 887 436 910 quia
450 887 613 910 interpretabamus
623 887 740 910 privilegium
755 893 806 910 pape.
818 888 932 911 Responsum
947 887 987 908 fuit,
998 893 1035 904 non
1050 887 1103 904 inver-

173 924 265 944 pretemur
275 920 306 943 qui
321 924 389 938 stamus
397 920 435 943 juri
445 920 544 941 communi,
558 920 589 943 qui
603 920 681 943 petimus
693 920 844 941 declaracionem,
855 920 888 937 sed
901 920 937 943 ipsi
950 920 981 943 qui
993 920 1056 937 dicunt
1068 920 1103 937 sibi

170 952 202 974 jus
212 951 239 968 illi
249 951 342 969 declarent
352 951 396 974 (sic),
406 958 451 975 ergo
462 955 504 969 sunt
514 952 605 975 sacrilegi.

217 985 304 1008 Sequenti
314 986 344 1002 die
355 985 455 1008 predicavit
463 985 519 1002 frater
529 985 595 1006 Minor,
607 988 624 1002 et
634 985 689 1002 multa
700 985 790 1002 deteriora
801 985 864 1002 dicitu.

217 1019 269 1035 Unde
283 1024 315 1041 per
329 1019 362 1035 Dei
375 1019 451 1042 gratiam
465 1019 483 1035 in
497 1021 596 1042 conspectu
611 1018 692 1035 omnium
705 1021 748 1035 sunt
761 1018 839 1040 confusi,
854 1024 887 1035 nec
899 1021 928 1035 est
939 1024 985 1041 puer
994 1018 1104 1038 Aurelianis.

172 1052 216 1074 quin
226 1051 271 1068 sciat
283 1052 396 1074 respondere
406 1058 469 1069 eorum
480 1052 599 1074 argumentis,
610 1055 627 1068 et
640 1057 705 1068 omnes
714 1051 817 1074 jurisperiti
830 1052 873 1068 satis
886 1054 929 1068 sunt
940 1058 974 1074 pro
984 1051 1037 1068 nohis
1049 1051 1105 1068 infor-

173 1084 220 1101 mati.
236 1084 294 1106 Unde,
307 1088 358 1107 pater
371 1088 389 1101 et
401 1085 482 1106 domine,
494 1085 528 1102 ista
540 1084 593 1102 vobis
606 1084 709 1106 scribimus,
723 1084 807 1101 nolentes
819 1085 886 1102 docere
898 1085 1004 1106 Minervam,
1015 1085 1048 1101 sed
1058 1084 1105 1101 utin

173 1121 208 1134 tam
221 1118 251 1141 pio
265 1121 283 1135 et
293 1121 355 1135 sancto
366 1118 450 1141 negocio„
461 1122 478 1135 et
489 1124 499 1135 a
510 1124 546 1140 quo
560 1118 651 1140 dependet
664 1121 721 1134 status
734 1118 843 1135 universalis
854 1118 939 1139 ecclesie,
953 1118 1000 1135 sicut
1012 1118 1105 1140 incepistis

171 1151 258 1174 vigiletis.
269 1151 298 1168 Ad
308 1151 342 1168 hoe
353 1151 407 1172 enim,
420 1155 439 1168 ut
451 1151 527 1168 firmiter
536 1151 634 1172 eredimus,
645 1151 735 1168 Dominus
745 1157 777 1168 vos
788 1151 859 1168 vocavit
869 1154 887 1168 et
897 1151 945 1174 quod
958 1151 1061 1168 ordinatum
1073 1151 1106 1168 fuit

172 1184 252 1201 Parisius
267 1190 300 1207 per
313 1190 347 1201 vos
361 1187 379 1201 et
392 1184 445 1205 alios,
459 1184 529 1201 faciatis
543 1184 562 1201 in
575 1187 635 1201 vestra
650 1184 742 1207 provincia
756 1184 833 1201 viriliter
847 1184 940 1201 observari
956 1187 973 1201 et
988 1190 1020 1207 per
1034 1187 1106 1201 curatos

170 1220 242 1234 vestros
255 1217 353 1240 religiosos
365 1220 384 1234 et
395 1217 448 1237 alios,
462 1223 496 1234 nec
508 1217 572 1234 faciem
585 1223 647 1234 eorum
660 1217 734 1234 timeant
746 1217 808 1240 aliqui,
819 1217 874 1234 immo
887 1217 991 1239 defendant,
1002 1218 1044 1240 quia
1055 1223 1107 1234 error

170 1250 200 1267 cui
210 1256 247 1267 non
258 1250 351 1267 resistitur
360 1250 477 1273 approbatur⁴
486 1251 508 1267 Et
516 1256 617 1273 quanquam
628 1250 651 1267 sit
660 1251 728 1267 veritas
738 1256 771 1273 pro
781 1250 842 1271 nobis,
851 1253 869 1267 et
878 1250 946 1267 salsitas
956 1256 989 1274 pro
999 1250 1051 1273 ipsis,
1060 1251 1107 1268 sicut

171 1287 219 1301 totus
235 1284 314 1301 mundus
327 1284 384 1305 videt,
395 1284 483 1306 scriptum
494 1287 590 1301 esttamen
602 1290 606 1300 z
616 1284 689 1301 Veritas
702 1290 737 1306 que
750 1290 786 1300 non
799 1284 904 1301 defensatur
914 1284 1029 1307 opprimitur.
1040 1285 1107 1301 Iterum

171 1316 258 1334 laboretis
272 1323 316 1340 erga
331 1317 457 1334 Senonensem
470 1316 646 1340 archiepiscopum¹⁸
660 1323 693 1340 per
704 1323 738 1334 vos
750 1317 779 1333 vel
794 1316 856 1337 alium,
869 1317 911 1339 quia
922 1317 958 1339 jau]
973 1323 995 1334 ex
1008 1317 1107 1340 frigiditate
