1273 1538
184 54 225 74 1335]
368 60 391 71 An
408 59 460 70 auno
478 59 596 70 ncczxxxw
613 59 680 73 usque
698 59 723 70 an
740 59 810 70 annun
827 59 897 71 necet..
1065 54 1098 70 445

182 98 217 115 aliis
230 96 339 115 facultatibus
355 96 395 113 fieri
412 96 506 112 consuetis
520 101 575 112 causa
591 95 698 118 proficiendi
716 99 735 112 ut
751 101 805 118 supra
822 95 955 118 presentialiter
972 96 1060 117 [affueritL
1075 96 1098 113 de

182 131 242 155 quibus
254 130 306 147 fidem
321 130 379 149 saciet.
391 129 405 146 si
416 134 472 151 super
485 129 520 145 hoc
534 128 588 145 suerit
602 128 701 151 requisitus
715 134 746 151 per
754 129 876 152 juramentum
890 129 945 145 unius
956 132 974 145 et
983 128 1058 146 alterius
1067 129 1098 151 qui

182 165 234 188 ipsum
242 163 305 181 viderit
314 162 387 180 ibidem⁴
397 162 456 179 Liceat
464 163 517 179 etiam
525 162 627 185 cuicunque
640 162 727 185 magistro
738 166 800 179 nostre
812 162 891 179 nationis
901 162 1043 185 supplicationes
1053 162 1099 179 inte-

182 199 246 219 rimere,
255 197 281 214 vel
291 203 321 213 eas
330 196 438 216 concedere,
450 195 549 213 dummodo
559 197 608 219 juret
618 195 668 219 quod
678 195 723 219 legit
733 196 751 213 in
761 196 824 213 eadem
837 195 866 213 die
876 202 911 219 qua
921 195 1004 213 coneedit
1014 195 1042 213 vel
1052 195 1098 213 inte-

182 231 230 251 rimit,
239 230 254 247 si
263 230 315 247 suerit
325 229 424 253 requisitus
434 229 534 246 secundum
546 229 619 246 sormam
631 230 692 246 statuti
703 229 799 246 facultatis.

220 264 245 281 Ad
259 263 313 281 officia
328 269 370 281 vero
386 266 447 280 nostre
462 263 541 280 nationis
555 269 587 280 nec
602 266 715 285 procurator,
726 269 759 280 nec
772 263 821 281 ullus
834 263 944 284 admittatur,
954 263 990 280 nisi
1004 263 1053 286 prius
1066 269 1098 286 per

182 303 253 315 mensem
267 297 351 314 continue
365 302 432 320 regens
447 296 510 318 fuerit,
525 296 567 314 dum
583 300 641 314 tamen
656 296 718 320 aliquo
734 296 905 320 impedimentorum
922 297 1044 319 predictorum
1061 303 1097 314 non

181 331 229 349 suerit
237 331 336 354 impeditus⁴
348 331 373 347 De
387 330 468 354 regentia
478 336 522 347 vero
534 334 628 353 antequam
639 330 749 351 admittatur,
760 330 859 348 fidem·¹,..,
870 331 935 352 xerint,
943 334 961 348 et
969 337 1032 354 penam
1040 330 1097 348 obsti-

181 368 217 381 nato
232 364 287 381 animo
304 364 408 387 prelibatam
424 364 514 387 elegerint
528 364 618 381 sustinere
636 364 717 387 quinque
733 364 764 381 alii
780 370 813 387 per
827 364 884 381 dictas
898 364 978 387 quinque
995 364 1097 387 provincias

181 400 291 417 assumentur.
311 397 377 420 quibus
397 397 491 414 incumbet
510 397 610 414 necessitas
630 397 772 414 controversiam
793 403 848 420 super
867 397 913 414 dicta
932 398 1032 414 assertione
1051 398 1096 415 infra

181 431 247 447 biduum
257 431 302 448 sicut
310 431 361 453 prius
371 430 405 448 sub
413 436 459 453 pena
469 430 560 447 consimili
574 430 688 451 terminandi,
699 436 719 447 ae
729 431 801 448 interim
811 431 887 448 durante
897 434 978 453 tempore
991 431 1027 448 litis
1036 437 1096 448 coram

181 464 252 487 quinque
261 464 349 487 deputatis
359 464 446 487 predictis
455 470 512 487 super
522 470 554 481 sua
564 470 600 481 nun
610 464 696 481 citatione
707 464 793 487 mag-ister
804 464 873 481 electus
883 464 905 481 ad
915 464 993 481 osticium
1004 464 1022 481 in
1032 464 1096 481 eodem

182 497 246 521 pacifice
260 497 357 514 remanebit
371 500 389 514 et
402 497 425 514 ad
439 497 499 520 ipsum
514 497 554 514 sine
567 497 718 514 contradictionis
735 497 829 515 obstaculo
844 500 949 520 exequeturv
961 498 986 514 Ae
1001 498 1094 521 predictus

181 530 230 548 salsus
245 534 322 548 assertor
341 530 430 554 plectetur
446 534 465 548 et
481 531 566 554 punietur
585 531 687 554 privatione
704 534 722 548 et
738 531 816 548 carentia
834 531 913 548 omnium
933 530 1063 548 beneficiorum
1079 534 1096 548 et

181 564 259 581 honorum
275 564 352 581 nationis
369 564 450 587 predicte
464 570 497 587 per
511 564 588 581 annuale
602 564 690 587 spacium,
705 568 722 581 et
737 564 756 581 in
770 568 808 581 toto
822 570 869 581 anno
884 564 990 587 privationis
1003 564 1022 581 in
1035 565 1096 587 cujus-

181 602 243 619 cunque
257 596 336 614 officialis
351 597 440 614 electione
454 603 517 614 vocem
532 597 609 620 aliquam
625 603 661 614 non
676 597 757 618 habehit,
772 604 805 614 nec
819 601 877 614 actum
893 598 968 621 regendi
983 603 1015 620 per
1029 597 1096 614 dictum

180 630 251 653 spacium
261 630 356 647 exercebit.
370 631 392 647 Et
404 636 426 647 ne
439 630 546 648 electionem
560 630 636 653 predicti
649 631 732 654 magistri
744 630 808 648 callida
819 631 955 654 malignantium
965 630 1096 648 machinatione

180 663 262 686 contingat
275 663 387 687 aliquatenus
403 663 494 687 impediri,
508 658 641 696 superaddipus
657 664 758 687 prelibatis,
771 664 820 687 quod
835 664 850 681 si
865 664 888 681 de
902 664 1006 687 deputando
1018 664 1096 687 aliquem

180 696 275 720 magistrum
289 696 310 714 ad
325 697 423 720 predictam
438 697 487 714 litem
504 696 622 714 dirimendam
637 697 656 714 in
673 697 733 720 aliqua
750 697 837 714 dictarum
854 698 987 721 provinciarum
1004 698 1096 715 contentio

180 730 245 751 oriatur,
260 730 306 753 quod
321 731 387 747 missus
400 733 418 747 et
431 730 501 747 electus
514 730 590 748 firmiter
604 730 692 747 habeatur
703 737 713 748 a
726 731 788 753 majori
805 734 854 754 parte
868 731 961 754 provincie
975 731 1097 748 discordantis

180 767 253 787 tanquam
269 770 278 781 a
294 767 330 781 tota
346 763 439 786 provincia
455 767 474 781 et
489 770 499 781 a
515 763 594 787 singulis
611 764 694 787 ejusdem
713 764 805 787 provincie
825 764 886 781 missis
903 768 921 781 et
937 764 1006 782 electus
1022 764 1098 782 firmiter

180 797 263 818 habeatur,
277 800 295 814 et
307 797 372 814 dictam
385 797 434 814 litem
448 797 535 814 dirimere
547 797 604 814 valeat
618 803 653 814 una
666 803 708 814 cum
722 797 813 820 deputatis
824 804 834 814 a
847 801 924 820 quatuor
937 798 977 814 aliis
991 798 1096 821 provinciis,

181 836 210 853 que
219 833 345 847 consenserant
358 831 376 847 in
391 830 486 847 mittendo.
504 831 525 847 Et
540 831 555 847 si
569 834 615 847 tanta
629 831 647 847 in
662 830 722 854 aliqua
735 831 822 847 dictarum
836 831 969 853 provinciarum
983 831 1098 854 pullulaverit

180 864 298 884 controversia,
309 864 357 887 quod
367 869 400 880 nec
411 864 450 886 ipsa
460 867 503 884 tota„
514 869 547 880 nec
558 864 576 880 in
586 863 649 886 majori
660 863 689 880 sui
701 867 751 886 parte
761 864 779 880 in
789 864 893 886 deputando
903 864 980 886 aliquem
991 864 1096 886 magistrum

180 897 273 914 consentire
283 896 366 919 potuerit,
375 902 384 913 a
393 900 470 919 quatuor
480 896 520 913 aliis
531 896 630 918 provinciis
640 896 721 919 deputati
731 896 824 920 negotium
834 896 856 913 ad
867 896 915 919 quod
926 897 1013 919 assumpti
1023 897 1096 917 fuerint=

180 930 272 953 specialiter
282 929 408 947 terminabunt.
422 930 444 946 Et
454 930 469 946 si
479 930 546 947 nedum
560 936 594 946 una
607 929 707 952 provincia,
718 935 780 947 verum
790 933 814 950 et,
825 929 874 952 quod
883 929 937 950 absit=
947 930 982 947 due
993 930 1021 946 vel
1032 933 1068 947 tres
1079 930 1097 946 in

180 969 207 980 sua
216 963 296 981 totalitate
306 963 433 986 magistrorum
444 969 476 980 seu
487 963 506 979 in
516 963 578 984 majori
590 966 639 986 parte
650 963 750 979 eorundem
761 963 779 979 iu
789 966 829 979 actu
840 963 937 986 deputandi
948 963 1025 985 aliquem
1035 963 1098 986 nequi-

180 996 231 1014 verint
239 996 352 1017 concordare,
365 996 400 1013 alie
414 996 507 1019 provincie
520 996 621 1013 concordes
635 1002 668 1019 per
678 1002 722 1021 suos
732 996 828 1018 deputatos
841 996 926 1013 dirimere
937 999 1022 1019 poterunt
1031 996 1096 1013 dictam

179 1029 228 1047 litem,

219 1063 265 1084 Item,
278 1063 372 1080 statuimus
385 1062 435 1085 quod
448 1068 470 1079 ex
482 1062 515 1080 huc
525 1063 568 1079 hora
578 1063 597 1080 in
607 1066 658 1079 antea
669 1068 702 1085 per
715 1063 795 1085 quinque
808 1062 911 1085 provincias
923 1063 1035 1086 supradictas
1044 1069 1096 1080 assu-

181 1099 231 1113 matur
239 1100 256 1113 et
265 1096 340 1119 eligatur
350 1102 397 1113 unus
408 1096 495 1119 magister
504 1096 551 1112 inter
561 1102 595 1113 nos
604 1099 644 1113 actu
656 1101 722 1118 regens
732 1095 810 1118 alicujus
822 1096 902 1119 quinque
913 1096 1045 1119 provinciarum
1056 1102 1096 1119 pre-

180 1129 264 1150 dictarum,
274 1129 297 1145 ila
307 1129 355 1152 quod
365 1129 421 1152 prima
432 1129 471 1146 vice
481 1135 516 1151 qua
526 1128 617 1146 creabitur
625 1134 684 1146 novus
692 1132 752 1145 rector
759 1129 894 1149 Universitatis,
902 1132 1004 1146 assumatur
1012 1129 1097 1152 magister

181 1164 262 1187 predictus
274 1164 296 1181 de
310 1164 401 1187 provincia
414 1164 524 1185 Parisiensi3
539 1164 618 1181 secunda
633 1164 673 1181 vice
687 1164 709 1181 de
723 1164 835 1186 Senonensi;
850 1165 901 1181 tertia
915 1164 954 1182 vice
967 1164 990 1181 <le
1003 1164 1095 1185 Remensi3

179 1201 233 1220 quarta
242 1198 264 1215 de
275 1198 383 1219 Turonensi,
397 1201 415 1215 et
428 1198 490 1220 quinta
504 1197 543 1215 vice
557 1198 579 1214 de
594 1197 711 1218 Bituricensi,
725 1200 743 1214 et
755 1197 782 1215 sic
794 1197 881 1220 deinceps
895 1203 927 1221 per
939 1197 1021 1215 ordinem
1033 1203 1097 1221 supra-

179 1231 238 1248 dictum
248 1231 265 1247 in
275 1235 386 1254 perpetuum.
397 1231 432 1253 Qui
442 1231 516 1254 quidem
527 1231 613 1254 magister
622 1236 727 1254 assumptus
738 1234 820 1254 tanquam
831 1234 937 1254 procurator
946 1231 1025 1248 nationis
1034 1234 1096 1249 nostre

179 1267 194 1281 et
202 1264 269 1281 nomine
278 1264 336 1288 ipsius
346 1264 425 1282 nationis
437 1264 455 1281 in
468 1261 558 1282 electione
568 1264 611 1282 dicti
622 1264 699 1282 rectoris
712 1262 776 1282 vocem
787 1264 857 1286 habeat,
868 1264 898 1288 qui
909 1270 941 1288 pro
952 1268 1033 1288 tempore
1043 1265 1097 1283 fuerit

179 1297 272 1321 eligenduS,
282 1301 299 1314 et
309 1298 375 1315 dictum
386 1301 475 1315 rectorem
487 1298 568 1321 eligendi
578 1304 612 1315 una
622 1304 663 1315 cum
677 1298 826 1321 procuratoribus
836 1298 910 1315 aliarum
921 1298 1013 1316 nationum
1026 1298 1096 1322 plenam

179 1334 194 1347 et
203 1331 271 1348 liberam
286 1334 398 1354 potestatem,
409 1332 433 1348 ita
446 1335 505 1349 tamen
519 1332 568 1355 quod
580 1332 596 1349 si
608 1332 630 1348 de
647 1332 747 1355 provincia,
757 1332 780 1349 ad
790 1338 843 1354 quam
856 1332 944 1356 spectabit
959 1332 1026 1350 dictum
1041 1333 1097 1356 magif
