1273 1538
173 54 206 70 372
375 68 377 70 .
461 58 619 70 euinrutsniun
636 59 731 70 univrns.
749 59 813 70 uuis.
1050 52 1096 71 [1³³1

175 95 298 115 Pentecostes,
309 94 440 111 continuabunt
448 95 477 112 vel
487 95 605 113 continuabit,
615 95 651 112 nisi
661 100 717 117 super
726 95 760 111 hoc
769 94 825 111 fuerit
835 100 867 117 per
879 94 946 111 dictum
957 94 1048 111 dominum
1058 100 1097 111 can-

176 127 268 144 cellarium
279 127 409 150 dispensatum.

221 160 242 177 Et
257 160 351 183 premissis
366 166 402 176 non
417 159 540 178 obstantibus⁴
555 159 597 176 licet
612 159 684 176 obstare
699 159 813 180 debuissent,
830 159 872 176 dicti
887 159 969 182 magistri
984 159 1096 182 Reginaldus=

176 193 269 210 lohannes
280 193 330 216 Pipev
344 192 445 215 Stephanus
457 192 481 209 de
490 192 607 209 Calvomonte
620 195 638 208 et
650 192 752 215 Stephanus
762 192 784 208 de
794 192 877 215 Nogento
890 192 937 208 dicte
947 192 1035 208 facultatis
1045 192 1098 208 medi-

177 225 224 244 cine„
235 225 266 247 qui
278 225 372 248 premissa,
387 228 406 241 ut
416 225 532 247 premittitur,
540 225 642 246 juramenta
652 224 669 241 in
683 230 745 241 eorum
756 224 901 247 promotionibus
911 224 1028 247 corporaliter
1037 225 1098 247 presti-

177 261 238 275 terunt
251 261 269 274 et
277 258 365 277 fecerunt,
380 258 438 274 Deum
452 263 484 280 pre
498 257 556 274 oculis
570 263 606 274 non
620 257 709 274 habentes
722 257 755 274 sed
768 257 829 280 potius
843 263 915 274 suarum
929 257 992 274 salutis
1005 257 1098 274 animarum

178 290 293 307 immemores
304 293 321 306 et
331 295 393 306 eorum
403 290 426 306 ab
435 290 462 306 eis
469 290 613 312 juramentorum
627 290 744 312 prestitorum
757 293 898 312 contemptores,
909 290 1038 310 ordinationes,
1049 290 1099 312 privi-

178 322 225 345 legia
236 325 253 338 et
263 325 327 338 statuta
337 322 386 338 sedis
397 322 496 344 apostolice
507 322 586 344 predicta
598 325 666 339 temere
678 322 800 345 infringentes
809 325 827 339 et
834 322 852 338 in
860 322 893 339 hac
900 325 950 344 parte
960 322 1060 342 molientes=
1070 328 1100 344 per

178 354 245 371 dictum
262 354 354 370 dominum
373 354 501 371 cancellarium
520 354 631 371 sufficienter
647 354 706 371 vocati
722 354 745 371 ad
761 354 894 377 perhibendum
912 354 966 371 fidele
982 354 1099 371 testimonium

179 392 234 409 super
249 387 335 409 magistro
349 386 444 409 Alphonso
459 387 482 403 de
496 387 582 409 Yspania,
596 390 639 403 tunc
654 386 754 403 baccalario
769 387 886 406 licentiando,
900 387 963 403 venire
977 387 1100 404 contumaciter

178 422 333 441 contempserunt.
348 420 393 436 Item
407 425 440 436 nec
456 419 541 442 legerunt
552 425 585 442 per
597 419 643 436 duos
656 425 714 436 annos
726 419 831 439 continuos,
841 425 881 436 cum
894 420 1000 442 inceperunt
1012 419 1030 435 111
1040 419 1099 436 artium

177 451 269 472 facultate,
282 457 315 468 nec
329 457 384 474 super
397 451 431 468 hoc
443 458 452 468 a
463 452 571 468 cancellario
585 452 634 468 illius
648 452 735 474 temporis
749 452 839 468 licentiam
851 452 960 472 habuerunt,
970 452 996 468 sic
1006 452 1099 474 perjurium

178 489 215 500 non
225 486 253 500 est
263 483 338 500 dubium
348 484 465 501 incurrendo.
478 485 515 501 Nec
526 490 562 501 11011
572 484 679 507 magistrum
688 483 802 507 Alphonsum
813 484 836 501 de
846 484 925 507 Yspania
935 484 1033 507 predictum
1044 484 1075 501 rite
1085 488 1100 501 et

178 516 239 533 debite
256 516 366 533 licent-iatum
383 522 416 539 per
433 516 500 533 dietum
517 517 610 533 dominum
627 516 761 536 cancellarium.
776 516 837 533 habita
852 516 935 539 primitus
951 516 1069 539 depositione=
1083 520 1101 534 ut

179 549 235 565 moris
245 552 279 569 est,
293 549 371 572 plurium
381 549 510 572 magistrorum
522 549 569 566 dicte
578 549 675 569 facultatis„
686 549 812 569 sufficientem,
823 549 898 570 bonum,
910 549 994 566 idoneum
1005 552 1023 565 et
1032 549 1100 566 scienti—

178 581 231 598 ficum
247 581 265 597 in
279 581 362 598 facultate
377 581 467 598 medicine
481 584 579 604 repertum,
595 587 628 597 nec
643 587 679 597 non
691 584 710 598 et
724 581 830 604 magistrum
845 582 917 598 Petrum
929 581 951 598 de
965 581 1026 604 Capite
1038 581 1100 604 Stagna

178 614 284 636 magistrum
299 614 347 630 dicte
359 613 449 630 facultatis
464 613 561 634 medicine,
574 619 606 636 pro
620 619 642 630 eo
656 613 706 636 quod
719 613 778 630 dictus
794 614 880 636 magister
893 614 957 630 Petrus
970 613 991 630 ad
1004 614 1100 631 mandatum

178 646 221 663 dicti
235 646 303 662 domini
316 646 425 666 cancellarii,
440 649 459 662 ut
474 649 547 663 tenetur
559 646 607 662 sicut
621 646 651 662 alii
667 646 745 669 predicti
758 646 834 663 obedire
848 646 914 663 virtute
929 652 1001 663 suorum
1014 647 1101 668 juramen-

178 682 237 695 torum
253 678 376 701 prestiturum,
389 678 474 700 deposuit
487 684 544 701 super
555 678 628 695 licentia
639 678 682 695 dieti
696 679 778 701 magistri
790 678 880 701 Alphonsi
891 678 939 695 licite
952 682 970 695 et
981 678 1041 695 debite
1053 682 1101 701 prout

178 710 273 728 tenebatur
283 714 300 727 et
310 710 388 727 debehat
398 711 420 727 de
430 711 483 732 facto,
495 710 575 727 indebite
586 714 603 727 et
615 711 683 733 injuste
695 714 757 728 contra
766 711 798 733 jus
808 714 826 728 et
835 711 923 733 justitiam
933 714 1021 733 quatenus
1033 711 1050 727 in
1060 711 1101 734 ipsis

177 743 218 764 fuit,
228 743 344 766 privaverunt
356 747 374 760 et
386 743 466 765 privatos
479 743 636 760 denunciaverunt
649 747 666 760 et
677 749 709 766 pro
723 744 798 766 privatis
811 747 901 766 reputant,
911 743 978 760 liabent
987 747 1004 760 et
1013 747 1074 760 tenent
1081 744 1101 760 ab

178 782 241 793 eorum
250 776 350 797 consortio,
361 776 402 793 licet
417 776 507 793 neminem
521 776 591 799 privare
604 776 677 800 possint
686 782 696 793 a
706 782 738 793 sua
749 776 834 793 facultate
846 782 879 793 nec
891 776 913 793 ad
923 776 956 793 hec
967 776 1042 793 habeant
1051 776 1101 793 ullam

178 812 292 832 potestatem.
303 815 342 826 cum
356 802 507 826 nulffs'tiidens
517 809 536 825 in
546 809 604 832 aliqua
617 809 702 826 facultate
713 809 793 826 Parisius
806 809 865 831 possit
874 809 940 831 privari
950 809 1002 826 etiam
1013 812 1101 835 quantum-

178 848 255 865 cumque
269 842 308 859 suis
322 842 415 858 demeritis
428 842 551 865 exigentibus,
567 842 602 858 nisi
613 842 704 864 judicium
719 842 847 859 Universitatis
861 842 979 858 intervenerit
991 845 1008 858 et
1020 834 1101 868 solemnis

179 874 285 891 deliberatio
296 880 315 891 ac
326 878 411 891 tractatus
422 874 550 891 Universitatis
560 874 648 897 predicte,
660 873 849 900 vel-(aEu-ltasssartium
858 880 893 897 que
903 874 942 891 sola
952 877 1011 896 potest
1021 874 1076 895 talia',
1086 877 1102 890 et

178 907 271 924 sufficiens
281 911 368 930 quaterna
377 907 448 924 vocatio
457 907 586 929 precesserint,
595 907 621 924 sic
630 899 720 924 turbando
728 910 746 924 et
753 899 859 929 usurpando
866 907 914 929 jura,
923 910 1035 929 potestatem,
1042 907 1101 929 cogni-

177 940 244 956 tionem
261 943 279 956 et
291 940 437 962 jurisdictionem
453 940 500 956 dicte
514 939 648 960 Universitatis¹
665 945 699 956 nec
716 945 752 956 11011
766 940 815 962 jura,
825 939 978 962 jurisdictionem.
994 942 1100 961 potestatem,

178 972 271 989 libertates
280 976 298 989 et
307 972 414 989 franchisias
428 972 536 989 cancellarie
548 972 657 989 Parisiensis
668 975 686 989 et
698 972 767 989 domini
779 972 882 989 cancellarii
893 972 982 994 ejusdem⁷
992 975 1074 994 quantum
1084 972 1100 988 in

178 1004 204 1021 eis
218 1005 252 1021 fuit
265 1008 283 1021 et
296 1008 331 1025 est,
341 1005 465 1027 impediendo,
476 1004 574 1021 minuendo
589 1010 621 1021 seu
639 1004 774 1027 restringendo,
792 1004 905 1021 molestando
922 1007 939 1021 et
957 1004 1071 1027 inquietando
1085 1007 1101 1021 et

178 1036 224 1054 dicta
235 1037 330 1060 privilegia
340 1036 390 1053 sedis
400 1037 500 1059 apostolice
510 1043 566 1060 super
575 1037 609 1054 hoc
619 1037 690 1054 indulta
700 1042 746 1053 ausu
756 1037 852 1054 temerario
863 1037 985 1059 infringendo.

222 1070 298 1091 Propter
310 1069 359 1092 quod
373 1075 409 1086 non
423 1073 451 1086 est
463 1069 538 1086 dubium
551 1069 618 1086 dictum
629 1070 655 1086 sic
665 1075 685 1086 se
696 1073 789 1092 gerentem
803 1075 836 1093 pro
846 1069 944 1086 substituto
954 1069 1016 1086 decani
1027 1069 1101 1092 predicte

176 1101 266 1118 facultatis
276 1105 294 1118 et
303 1101 349 1118 alios
362 1102 454 1124 predictos
468 1101 504 1118 sibi
517 1102 535 1118 in
549 1102 583 1118 11οο
596 1102 706 1119 adherentes
718 1105 737 1119 et
749 1102 837 1118 adherere
850 1102 938 1122 volentes,
949 1102 968 1118 in
980 1105 1063 1124 quantuni
1073 1107 1101 1118 eos

176 1137 207 1150 aut
217 1139 279 1150 eorum
290 1133 389 1156 quemlibet
399 1134 457 1156 tangit
466 1137 485 1150 et
494 1137 568 1156 tangere
579 1137 645 1157 potest,
655 1134 765 1151 sententiam
775 1134 966 1151 excommunicationis
976 1140 985 1150 a
995 1139 1061 1150 canone
1070 1134 1102 1150 late

177 1166 195 1183 in
205 1166 341 1188 perturbatores
349 1165 485 1188 jurisdictionis
497 1172 517 1182 ac
530 1165 668 1189 privilegiorum
679 1166 729 1183 sedis
739 1166 840 1189 apostolice
852 1166 1006 1189 promulgatorum
1016 1169 1034 1182 et
1044 1172 1102 1188 penam

176 1198 263 1221 deinceps
276 1198 351 1221 perjurii
364 1198 504 1221 dampnabiliter
516 1198 622 1219 incurrisse,
638 1201 656 1215 et
670 1198 694 1215 oh
710 1198 742 1215 hec
753 1204 785 1220 per
798 1198 865 1215 dictum
878 1198 971 1215 dominum
981 1198 1102 1215 cancellarium

175 1234 194 1247 et
203 1236 237 1247 nos
247 1231 287 1252 ejus
297 1230 316 1246 in
326 1230 358 1247 hac
369 1233 419 1253 parte
429 1230 478 1247 vices
489 1233 584 1253 gerentem
593 1230 654 1253 puniri
665 1233 683 1247 et
692 1230 760 1253 corrigi
771 1230 839 1247 debitis
849 1236 895 1252 pena
905 1233 922 1247 et
932 1230 1041 1247 cohibitione
1052 1236 1101 1253 posse

176 1265 193 1279 et
203 1262 271 1279 debere
281 1268 303 1279 ex
312 1263 373 1279 causis
383 1265 401 1279 et
411 1262 514 1279 rationibus
526 1262 623 1279 antedictis
634 1265 651 1279 et
661 1262 778 1285 cognitione¹
789 1262 884 1279 criminum
895 1262 1023 1285 predictorum,
1034 1262 1101 1286 sintque

175 1294 252 1317 predicti
265 1295 369 1312 donuneiati
382 1295 405 1312 de
419 1295 473 1312 dictis
487 1295 596 1312 criminibus
610 1294 712 1317 culpabiles
725 1298 743 1311 et
756 1298 844 1311 nocentes
857 1298 874 1311 et
887 1295 934 1317 apud
943 1288 1005 1312 *honos
1015 1298 1033 1311 et
1042 1301 1101 1317 graves
