1273 1538
186 80 229 98 1316]
374 85 396 96 ΑΒ
413 86 465 96 anno
483 85 599 96 neezxxxw
616 85 682 99 vsqve
700 86 724 96 an
740 85 810 96 Annum
827 85 897 97 mucci„
1069 81 1100 97 193

185 138 234 156 734.
244 143 304 155 mem,
313 141 410 155 universitatis
417 141 504 154 Parmensis
512 141 530 154 «ιε
538 141 603 154 habendo
610 141 667 154 nazario
673 141 736 159 publico.

742 182 776 196 ma
782 182 856 195 aea-mort,
862 182 875 196 ⁴,
882 182 958 199 [earam

223 221 311 238 Universis
324 223 416 243 presentes
428 220 497 236 litteras
508 220 617 242 inspecturis
628 219 737 237 universitas
748 220 875 242 magistrorum
886 223 904 236 et
913 220 1009 236 scolarium
1019 220 1098 237 Parisius

184 253 290 274 studentium,
301 253 375 270 salutem
390 252 408 269 in
421 252 458 269 filio
472 252 554 275 Virginis
567 252 654 275 gloriose>
668 252 766 274 Injuriatur
778 252 864 269 memorie
877 252 981 275 frequenter
994 252 1067 273 oblivio,
1081 255 1098 269 et

183 286 304 308 longinquitate
314 291 357 308 sepe
367 285 386 301 fit
396 284 488 306 temporis,
500 284 549 306 qnod
560 290 589 301 res
599 284 646 301 clara
656 284 773 306 presentibus
784 284 866 301 redditur
876 284 952 301 obscura
963 284 1034 305 suturis,
1045 288 1062 301 et
1071 285 1098 301 sic

182 317 264 334 interdum
284 318 339 334 recisa
360 316 469 339 repululant.
488 317 598 333 suscitantur
615 316 680 339 sopita,
697 320 715 333 et
732 317 802 339 sepulta
820 320 923 339 resurgunt.
941 317 993 334 Unde
1010 317 1097 334 adversus

182 350 271 366 oblivionis
281 349 392 372 dispendium
406 349 428 365 de
441 349 530 371 scripture
544 349 631 371 suffragio
644 349 760 371 prudentium
772 349 842 365 cautela
854 355 890 365 non
900 349 989 366 immerito
1002 349 1097 372 previdere

182 382 249 399 curavit.
266 383 288 398 Ut
302 382 358 404 igitur
374 381 501 398 Uuirersitatis
518 385 580 398 nostre
600 381 673 404 negotia
692 381 758 398 suturis
777 381 890 404 temporibus
907 382 1009 404 peragenda
1026 382 1098 398 roboris

182 414 242 431 saniori
256 414 335 430 firmitate
350 414 444 433 vallentur,
461 413 555 435 potissime
573 414 613 435 quia
630 413 691 430 labilis
706 416 734 430 est
746 413 839 430 hominum
854 414 946 433 memoria,
960 417 979 430 ut
992 414 1097 436 predicitur,

182 446 267 468 nostrique
276 446 355 468 magistri
368 445 426 462 ssuunt
436 449 453 462 et
464 446 543 462 refluunt
555 446 677 468 continueque
691 449 787 466 mutantur,
799 449 894 468 rectorque
906 446 1002 468 sepissime
1013 449 1097 466 mutatur,

182 484 201 494 ex
209 478 270 501 quibus
282 478 393 501 frequentius
405 478 478 494 evenire
489 478 578 500 contingit
587 478 719 500 quamplurima
732 481 792 494 nostra
806 478 878 500 negotia
888 481 922 494 tani
935 478 1032 495 deliberata
1044 484 1097 501 quam

181 510 211 527 alia
225 510 257 526 sub
271 510 366 526 oblivionis
382 510 470 526 velamine
486 510 504 526 in
517 516 572 532 grave
590 510 647 527 nostri
665 510 785 532 prejudicium
803 513 820 526 et
836 516 932 533 gravamen
945 511 1061 533 pertransire,
1075 511 1098 527 de

181 542 244 559 notai-io
256 542 306 558 nobis
319 546 353 558 tam
366 542 404 558 utili
415 548 468 564 quam
481 542 564 561 honesto,
576 542 606 564 qui
619 542 637 558 in
648 543 716 558 nostris
727 542 902 564 congregationibus
912 545 930 558 et
939 542 979 558 aliis
989 542 1034 559 locis
1045 542 1097 559 nobis

181 574 280 591 necessariis
296 574 374 595 intersit,
392 574 487 590 scribenda
506 574 608 591 conscribat
623 578 641 591 et
655 574 671 590 si
685 580 731 596 opus
746 574 800 591 suerit
817 574 835 590 in
850 574 939 597 publicam
952 574 1027 591 formam
1044 574 1097 591 inodo

181 606 236 623 debito
252 607 328 627 reducaty
346 612 367 623 ex
384 606 464 622 unanimi
481 612 580 627 consensu,
597 607 674 629 provido
691 610 709 623 et
726 606 826 623 deliberato
843 607 920 623 consilio
937 607 1021 623 duximus
1038 607 1098 629 provi-

181 638 258 659 dendum,
271 644 303 660 per
317 639 368 660 cujus
384 644 446 655 manus
461 644 524 655 omnes
539 638 599 655 littere
613 644 646 655 seu
660 639 750 661 scripture
762 645 772 655 a
782 643 843 655 nostra
854 639 975 656 Uuiversitate
988 643 1097 659 emanantes=

181 671 214 687 sive
224 671 240 687 in
250 670 409 693 supplicationibus
420 671 547 693 magistrorum
558 674 575 687 et
586 671 683 687 scolarium
694 677 726 687 seu
737 671 783 691 aliis,
794 675 812 688 et
822 671 856 687 sub
866 672 918 693 cujus
929 671 982 693 signo
993 671 1098 693 priusquam

180 702 200 719 ad
214 702 289 725 sigillum
303 703 370 719 admitti
385 703 456 719 valeant
472 706 502 719 aut
519 702 602 723 debeant,
620 703 642 719 de
661 706 722 719 nostra
740 703 832 719 voluntate
847 706 864 719 et
881 703 994 719 ordinatione
1013 703 1097 719 decetero

181 734 279 755 transibunt,
293 734 342 751 salvo
356 734 391 751 sibi
406 734 471 751 salario
484 735 594 756 competenti
606 735 624 751 in
635 735 727 755 omnibus,
739 738 853 757 preterquam
864 735 882 751 in
893 735 915 751 iis
926 740 960 757 que
971 735 1044 757 proprie
1056 738 1099 752 sunt

181 767 297 784 Universitatis
310 770 372 784 nostre
386 767 457 790 negotia
471 767 580 788 communia,
592 773 625 790 pro
639 767 706 789 quibus
720 767 808 784 faciendis
822 767 933 784 sufficienter
945 767 1029 784 ordinare
1039 767 1098 784 inteu-

180 799 238 819 dimus=
248 805 267 815 ac
277 799 334 816 eidem
344 805 399 822 super
408 799 444 815 hiis
454 799 516 816 debito
528 799 582 816 modo
593 799 697 822 providere.

219 832 277 848 Forma
290 837 332 848 vere
342 832 439 853 juramenti
453 832 536 853 ejusdem
546 832 612 848 notarii
622 832 672 853 quod
684 831 737 848 nohis
750 831 839 854 prestabit
848 832 866 848 in
878 832 955 848 novitate
966 837 999 848 suc
1010 832 1098 848 constitu⁴

179 864 228 880 tionis
241 864 258 880 in
272 864 335 884 officio,
353 863 393 880 talis
409 867 443 883 est.
455 864 504 885 quod
516 864 556 886 ipse
571 864 652 880 notarius
667 869 728 880 coram
746 864 867 880 Universitate
879 863 954 886 jurabit,
969 864 1046 880 officium
1062 864 1098 880 sihi

179 895 284 912 commissum
296 895 374 912 fideliter
386 901 477 915 exercere,
490 899 559 912 secreta
573 895 701 912 Universitatis
717 899 778 912 nostre
792 895 859 912 nemini
871 896 949 918 pandere
965 901 997 912 scu
1010 896 1096 912 revelare

179 928 217 944 lteiu
227 928 332 944 sufficienter
341 931 414 944 vocatus
424 933 446 944 ex
456 931 506 950 parte
517 928 593 944 rectoris
604 928 696 944 tenebitur
707 931 740 944 tam
752 928 770 943 in
783 928 851 944 uostris
861 928 1034 950 congregationibus
1044 934 1096 950 quain

178 959 215 976 alibi
229 966 259 982 pro
272 960 338 976 nostris
353 960 432 982 negotiis
447 959 525 976 fideliter
540 960 647 976 exercendis
662 960 759 980 interesse,
774 959 870 976 scribenda
888 959 1011 980 conscribere,
1025 963 1042 976 et
1057 965 1098 976 exe-

178 992 241 1014 quenda
254 997 306 1013 super
318 991 353 1008 sibi
366 991 469 1008 commissis
482 992 547 1013 exequi
563 991 667 1014 diligenter,

217 1024 242 1040 Ad
251 1024 297 1046 quod
308 1024 380 1046 quidem
391 1024 469 1040 officium
483 1024 548 1040 notarii
559 1030 591 1046 pro
603 1030 650 1040 anno
661 1023 725 1040 saltem
736 1024 819 1046 proximo
829 1023 907 1040 intrante
917 1023 935 1039 in
945 1024 1030 1040 Jauuario
1040 1030 1097 1046 usque

177 1056 236 1073 iterum
247 1057 305 1073 redeat
317 1057 356 1079 ipse
369 1056 444 1076 niensis,
455 1056 541 1073 dilectum
557 1060 574 1073 et
588 1056 661 1072 fidelem
677 1059 758 1072 uostrutu
774 1056 888 1078 Radulphuin
902 1056 996 1072 Benedicti
1009 1056 1097 1073 notarium

178 1087 261 1110 publicum
271 1087 353 1104 duximus
364 1087 485 1109 eligendum',
501 1088 597 1109 ipsumque
610 1093 670 1104 corain
684 1087 737 1104 uobis
750 1087 771 1103 ad
783 1088 816 1103 lioc
829 1090 939 1109 presentem,
952 1090 970 1103 et
980 1093 1026 1104 ouus
1038 1088 1098 1109 liujus-

178 1120 220 1136 modi
231 1119 248 1135 in
259 1125 278 1136 se
288 1120 415 1142 suscipientem
422 1119 527 1141 juramento
538 1119 592 1136 nobis
602 1119 624 1136 ab
634 1119 698 1136 eodem
710 1120 794 1142 primitus
806 1119 824 1135 in
835 1119 891 1136 forma
904 1119 1006 1141 supradicta
1016 1125 1099 1142 corpora-

178 1151 215 1168 liter
228 1152 299 1174 prestito
313 1152 392 1168 Parisius
407 1152 424 1167 in
439 1151 519 1174 capitulo
534 1152 594 1168 Sancti
609 1152 696 1168 Maturiui
710 1152 729 1168 in
744 1155 805 1168 nostra
819 1152 962 1174 congregatione
973 1152 1054 1174 generali
1069 1152 1098 1168 ‹lie

178 1183 239 1200 sabbati
249 1187 288 1200 ante
297 1184 362 1200 festum
372 1183 419 1200 beati
429 1183 512 1200 Nicholai
522 1183 604 1206 hyemale
614 1190 662 1200 anno
673 1184 745 1200 Domini
756 1184 854 1201 millesimo
864 1184 958 1205 CCCXVI,
970 1184 1029 1200 locum
1040 1184 1098 1200 eidem

178 1216 245 1238 suisque
259 1216 364 1238 sequacibus
374 1216 425 1237 juxta
436 1219 525 1232 rectorem
540 1222 572 1232 seu
586 1216 677 1238 pulpitum
691 1216 749 1239 ipsius
760 1216 834 1239 capituli
842 1217 964 1239 assignantes⁷
973 1216 1098 1233 investivimus

178 1251 193 1264 et
205 1248 306 1264 investimus
323 1254 355 1270 per
371 1248 428 1264 sedile
444 1248 579 1270 presentialiter
594 1249 616 1265 de
634 1249 699 1265 eodem
711 1249 809 1265 :volentes
829 1252 848 1265 ut
864 1249 911 1265 idem
929 1249 994 1271 suique
1011 1254 1099 1271 sequaces

176 1279 220 1296 velut
230 1280 311 1302 magister
321 1284 360 1297 actu
370 1286 444 1303 regens=
457 1281 567 1303 privilegiis,
580 1281 697 1298 libertatibus
709 1285 727 1298 et
739 1281 883 1298 immunitatibus
896 1281 964 1298 uostris
977 1287 1009 1298 seu
1022 1281 1099 1298 Univer-

177 1312 229 1329 sitatis
241 1312 325 1334 prelibato
337 1313 394 1329 libere
406 1318 426 1329 uc
439 1313 514 1335 pacifice
526 1313 616 1336 gaudeant
631 1314 649 1330 in
662 1314 749 1330 futurum.
765 1314 819 1335 Quod
834 1314 919 1331 omuibus
932 1320 1009 1337 quorum
1024 1314 1098 1331 interest

232 1341 246 1349 *-
255 1340 299 1352 chan.
310 1340 349 1352 Univ.
358 1340 404 1353 Pam.
414 1341 430 1354 n,
440 1341 450 1352 ι.
1022 1343 1037 1354 2⁶
