1273 1538
187 42 230 60 1329]
378 49 401 60 tn
418 47 471 60 ,nmo
488 46 606 59 mcccxxxw
623 46 689 61 USQUE
707 47 731 59 ,tn
748 47 817 59 ANNum
835 47 905 59 mecm„
1073 41 1106 58 323

185 96 235 116 890.
247 103 302 115 Statum
309 101 380 115 notabilia
387 101 450 114 „azimus
458 100 552 114 »scaram-m„
559 102 627 119 quamam
635 100 656 113 aa
663 100 744 118 officiarios
752 104 800 113 omnes
807 102 821 113 ει
828 101 884 117 negotia
892 100 956 119 ejusaem
963 100 1026 113 „anonis

809 146 846 161 13η,
854 146 884 159 uasa
891 146 899 161 r.
905 146 962 159 »mma

223 184 249 201 Ad
263 188 364 208 perpetuam
380 184 406 201 rei
421 184 533 201 memoriam,
548 184 586 200 Nos
603 189 666 200 omnes
682 187 700 200 et
714 183 782 206 singuli
797 183 878 206 magistri
893 183 972 200 nationis
987 183 1102 201 Pienrdorum

184 218 257 235 Pan-isius
269 218 287 234 in
298 218 361 234 artium
374 217 457 234 facultate
473 220 558 240 regentes
574 221 635 234 notum
652 217 728 234 facimus
743 217 834 234 universis
848 217 897 240 quod
909 223 956 234 anno
970 217 1101 239 MCCCXXIX,

184 252 209 269 die
220 251 273 274 prima
284 251 331 272 Maii,
343 251 390 268 sesto
401 251 524 274 apostolorum
535 250 613 274 Philippi
622 254 640 268 et
647 250 716 271 Jacobi,
725 250 772 274 apud
780 251 798 268 S.
807 251 915 268 Manui-inum
924 250 946 268 ad
957 250 1057 268 ordinanda
1067 257 1101 274 quc

183 288 277 308 sequuntur
288 284 388 307 specialiter
400 284 458 301 vocati
472 290 492 301 ac
503 285 556 301 etiam
566 284 679 308 congregati,
691 288 788 307 pensantes
799 284 822 301 ob
834 284 911 307 plurium
922 287 1029 301 smtutoruin
1039 288 1101 301 nostre

183 318 254 335 nationis
270 318 386 341 ignorantiam
402 318 469 335 multos
485 321 567 335 nostrum
582 318 679 341 sepissime
689 324 756 339 errare,
770 318 893 335 ordinavimus
903 318 1007 341 hujusmodi
1021 318 1101 335 multitu-

183 352 237 369 dinem
247 354 350 368 statutorum
363 351 381 368 in
393 352 468 375 quadam
482 351 533 368 brevi
548 357 617 368 sumina
629 351 720 375 recolligi,
732 351 809 374 quedam
822 357 884 368 eorum
897 352 1013 375 corrigendo.
1026 352 1101 375 quihus-

182 386 218 402 dam
229 384 309 402 addendo
322 388 340 401 et
351 384 373 401 ab
386 385 427 402 aliis
439 384 570 402 subtrahendo.

222 418 242 435 Et
251 421 269 435 ut
281 418 359 441 magistri
373 418 450 435 liberius
463 418 531 439 studio,
544 418 654 436 lectionibus
668 422 686 435 et
699 418 853 441 disputationibus
867 421 884 435 et
898 418 937 435 sine
950 419 999 436 omni
1013 419 1101 442 inquieta-

182 453 226 469 tione
239 457 299 469 vacare
310 451 385 473 valeant,
397 452 483 475 quatinus
495 452 575 469 scolares
587 452 652 469 melius
664 452 765 475 proficiant„
778 452 879 472 statuimus,
892 452 940 475 quod
952 452 967 469 si
979 458 1011 475 per
1023 453 1100 475 aliquos,

181 486 297 508 cujuscunque
310 488 366 502 status
379 489 410 502 aut
422 486 534 502 conditionis
547 485 630 507 existant,
644 486 736 509 magistris
749 485 856 508 regentibus
868 485 891 502 de
901 488 962 502 nostra
974 486 1046 502 natione
1058 492 1102 502 con-

182 519 233 542 tingat
248 519 329 541 injuriam
345 519 383 535 fieri
401 519 522 542 corporalem,
539 519 587 542 quod
605 519 658 540 absit,
674 519 784 536 tenebuntur
801 524 865 535 omnes
881 519 963 541 magistri
980 522 998 535 et
1014 519 1100 539 scolares,

181 552 267 569 emendam
279 552 384 575 condignam
398 552 438 569 fieri
450 556 485 570 tani
499 552 567 569 nationi
578 558 629 575 quam
641 552 735 576 magistro,
747 552 831 575 quatinus
842 552 941 569 secuudum
955 552 1012 569 Deum
1023 555 1040 569 et
1047 552 1101 575 justi-

181 587 218 603 tiam
231 589 319 609 poterunt,
332 591 435 608 procurare.
447 586 469 603 Et
479 586 500 602 ad
510 586 544 602 hec
555 586 625 603 firmius
637 586 757 607 observanda,
768 586 852 603 volumus
866 591 930 602 omnes
942 585 1100 607 determinaturos,

180 619 291 636 licentiandos
300 623 318 636 et
330 619 348 635 in
358 619 427 636 artibus
438 619 544 642 incepturos
557 619 591 636 sub
599 620 697 642 juramenti
708 619 769 636 debito
779 619 865 642 obligari,
875 619 964 636 addentes
974 619 1023 642 quod
1033 619 1049 636 si
1059 625 1100 642 pre-

180 653 218 670 dicti
230 652 332 675 injuriantes
343 652 365 670 de
380 656 441 670 nostra
452 653 524 670 natione
538 653 612 674 suerint,
626 659 648 670 ex
658 659 707 670 nunc
721 659 753 676 pro
766 656 815 674 tunc,
828 658 860 670 eos
870 658 879 669 a
890 656 952 670 nostre
964 653 1042 670 nationis
1055 658 1098 669 con-

180 686 230 703 sortio
240 691 259 703 se
268 686 351 703 noverint
360 686 436 703 alienos.

219 720 267 740 ltem,
277 719 298 736 ad
309 725 380 736 omnem
392 720 484 737 discordie
495 720 523 736 vel
536 719 605 736 fraudis
615 720 708 736 materiam
718 720 852 743 amputandum,
864 720 966 741 statuimus,
977 720 1026 742 quod
1038 719 1100 736 nullus

180 753 297 770 officiariorum
312 756 374 770 nostre
388 753 467 771 nationis
481 759 522 770 cuin
537 753 575 774 illo,
587 753 635 776 quod
650 753 698 776 gerit
711 753 777 775 officio,
791 753 840 770 aliud
854 753 975 776 quodcunque
988 752 1024 770 sibi
1035 752 1100 770 audeat

180 787 267 810 applicare.
283 788 303 804 Et
316 787 436 810 intelligimus
449 793 481 810 per
497 787 594 804 officiarios
606 787 677 810 [primo]
692 790 828 810 procuratorem
843 787 945 810 generalem
960 787 1054 804 durantem
1068 792 1100 809 per

180 826 253 837 mensem
267 821 331 841 solum,
346 821 427 843 exceptis
443 820 569 838 vacationibus
586 820 693 837 estivalibus
708 821 726 837 in
741 820 808 843 quibus
824 826 859 837 non
875 820 971 837 innovatur
985 823 1099 843 procur-'iton

180 854 260 875 secundo,
275 857 385 877 receptorem
400 854 495 871 durantem
510 860 543 877 per
557 854 599 870 anni
614 854 709 875 circulum,
725 853 830 877 eligendum
845 853 863 870 in
878 854 956 877 singulis
971 853 1023 870 annis
1038 854 1056 870 in
1071 853 1100 870 die

179 887 221 904 beati
231 887 305 911 Remigii
315 887 333 904 in
344 887 458 908 vindemiis&
470 887 530 909 tertio,
537 887 673 912 examinatores
684 887 837 910 licentiandoruin
845 887 863 904 in
874 888 892 904 S,
903 887 1002 908 Genovet'a,
1013 887 1099 904 durantes

180 921 270 944 quemlibet
282 927 314 944 per
325 927 414 942 mensem;
428 924 499 944 quarto,
513 924 590 944 quatuor
602 921 734 938 examinatores
748 921 905 938 determinantiuin
919 921 1005 938 durantes
1019 920 1099 943 quaudiu

178 954 246 971 facultas
258 954 367 971 ordinaverit
379 954 402 971 de
415 954 508 974 sedcndo;
524 954 594 977 quinto,
609 957 737 977 procuratores
751 954 839 971 festorum
854 954 905 971 beate
919 954 1016 972 Catharine
1025 957 1043 970 et
1053 953 1100 970 beati

179 987 250 1005 Nicolai'
260 987 343 1005 durantes
354 987 412 1005 donec
422 988 516 1011 negotium
528 987 633 1010 hujusmodi
643 988 698 1005 fuerit
708 987 831 1010 adimpletum.

217 1021 265 1042 Item,
276 1021 369 1038 statuimus
379 1021 428 1044 quod
439 1027 460 1038 eo
471 1021 507 1042 die,
518 1027 554 1044 quo
565 1021 643 1044 eligetur
654 1024 720 1042 rector,
730 1024 749 1038 et
758 1026 794 1037 non
805 1024 852 1041 ante,
863 1021 931 1038 elector
941 1020 984 1038 dicti
995 1020 1070 1038 rectoris
1082 1020 1099 1037 in

178 1058 232 1071 nostra
242 1054 312 1071 natione
322 1054 406 1077 eligetur.

217 1088 265 1108 Item,
282 1088 375 1105 statuimus
393 1088 442 1111 quod
459 1088 481 1105 ad
497 1088 602 1111 eligendum
619 1088 678 1105 dictos
695 1088 800 1109 officiarios,
817 1088 884 1104 dictum
901 1088 977 1105 rectoris
995 1088 1098 1108 electorem,

177 1122 254 1138 nuncium
267 1121 289 1138 ad
301 1121 368 1138 curiam
381 1122 410 1138 vel
424 1121 467 1138 alibi
481 1121 586 1144 deputatum
599 1121 622 1138 ad
635 1121 758 1145 quodcunque
772 1121 821 1138 aliud
835 1121 913 1138 nationis
927 1121 1026 1144 negotium,
1037 1125 1066 1138 aut
1077 1121 1098 1138 ad

176 1155 297 1172 conserendum
307 1154 374 1171 bedelli
384 1155 413 1172 vel
423 1155 527 1172 subbedelli
537 1155 616 1172 officium
627 1155 689 1172 nullus
701 1155 735 1172 nisi
746 1155 832 1172 continue
841 1161 908 1178 regens
915 1155 970 1172 suerit
977 1161 1010 1178 per
1018 1160 1098 1172 inensem

176 1189 208 1210 (aut
219 1189 268 1205 etiam
281 1188 320 1205 dato
334 1188 382 1210 quod
393 1194 415 1205 co
425 1188 455 1205 die
468 1188 564 1205 electionis
576 1188 604 1205 vel
617 1192 665 1209 ante=
677 1188 737 1205 minus
750 1191 808 1205 autem
820 1194 872 1211 quam
883 1194 915 1211 per
925 1194 1005 1205 inensem
1018 1188 1040 1204 de
1052 1194 1098 1205 uovo

176 1222 244 1238 redierit
253 1221 274 1238 de
284 1221 364 1244 partibus
374 1222 420 1243 suis,
433 1222 469 1239 nisi
482 1225 523 1239 ante
536 1227 629 1238 recessum
640 1228 649 1238 a
660 1221 721 1239 studio
734 1227 766 1245 per
780 1227 859 1239 inensem
871 1221 923 1238 etiam
936 1221 1021 1238 continue
1031 1227 1098 1245 regens

175 1255 253 1277 extiterit)
262 1254 371 1276 admittatur3
382 1259 413 1272 aut
421 1256 475 1272 etiam
486 1255 521 1272 nisi
536 1255 615 1278 ipsomet
625 1255 661 1276 die,
672 1261 709 1278 quo
720 1255 827 1272 electionem
840 1261 873 1272 seu
883 1255 998 1272 collationem
1009 1255 1099 1278 predictas

175 1288 210 1306 lieri
219 1288 318 1311 contigerit,
329 1289 351 1305 de
365 1295 412 1306 novo
424 1289 514 1311 inceperit
525 1288 554 1306 vel
566 1292 607 1305 ante
620 1289 681 1306 minus
694 1295 746 1312 quam
757 1295 790 1312 per
800 1295 887 1306 mensem,
901 1289 921 1305 ln
931 1295 967 1312 qno
977 1295 1020 1306 casu
1032 1290 1054 1307 ad
1064 1290 1098 1308 hoc

175 1322 237 1339 admitti
247 1322 312 1345 poterit
320 1325 337 1339 et
348 1322 427 1340 debebit⁴
