1273 1538
162 66 195 82 420
451 65 610 78 cuauruzamuu
627 62 720 75 umvuus⁴
737 60 802 73 nius,
1038 48 1083 67 [1333

174 107 198 115 sn
207 106 273 115 -mcere
288 104 338 121 quun
351 105 389 116 nou
402 103 430 116 est
444 105 480 116 rus·
494 101 561 122 duplex
576 100 678 122 paradisus.
694 99 764 116 scilicet
778 99 879 122 corporalis
893 99 951 115 celum
966 99 1067 121 empireum,
1079 103 1086 114 e

174 131 281 154 spiritualis=
295 131 365 148 scilicet
377 132 428 148 beata
438 132 486 149 visio
496 139 511 152 r»,
524 132 609 149 dixerunt
623 137 686 148 omnes
703 132 779 154 predicti
794 132 876 154 magistri
892 135 909 148 et
922 134 1026 154 reputarunt
1041 131 1087 153 ipsun

174 164 269 181 articulum
280 170 384 181 erroneum.

219 197 247 213 Ad
257 199 340 219 quartum
353 196 448 213 articulum
462 197 493 219 qui
504 197 545 213 talis
555 200 595 213 est:
605 204 613 212 n
622 197 686 213 Utrum
701 196 809 214 catholicum
822 203 844 213 an
856 196 955 213 hereticum
968 197 995 213 vel
1007 201 1089 213 erroneum

175 229 199 246 sit
209 229 271 246 dicere
285 229 334 251 quod
348 229 407 246 anima
422 232 503 251 separata
514 235 523 246 a
533 235 610 251 corpore
620 235 657 246 non
671 229 736 246 habeat
749 229 813 246 oculos
827 230 932 252 corporales
943 233 961 246 ut
970 229 1028 246 videat
1039 235 1089 251 corpo

175 262 218 279 ralia
228 265 246 279 et
257 262 275 279 in
286 262 313 279 eis
324 262 430 282 delectetur,
444 265 462 278 et
475 268 507 285 per
516 262 621 284 hujusmodi
634 262 702 279 dictum
715 262 792 285 probare
803 263 852 285 quod
862 262 920 279 anima
931 268 968 279 non
978 262 1072 279 delectatur
1079 262 1090 279 il

175 294 245 311 visione
261 294 377 311 humanitatis
392 294 486 315 Christi»,
499 294 541 311 dicti
557 294 626 311 domini
639 294 722 317 magistri
732 295 849 312 concorditer
859 295 990 318 respondentes
1000 298 1090 317 reputarun

174 327 234 349 ipsum
250 332 353 343 erroneum⁴
369 327 433 344 Dictus
447 330 507 344 autem
522 327 608 344 dominus
622 327 770 350 archiepiscopus
786 327 938 350 Rothomagensis
955 330 973 343 et
989 327 1041 344 frater
1058 328 1090 344 Ber

175 359 243 376 nardus
256 359 333 376 Oliverii
348 359 439 380 dixerunt,
453 360 503 382 qnod
516 360 532 376 si
546 359 629 376 excludat
643 360 781 376 delectationem
797 359 937 377 intellectualem
948 363 976 377 est
985 365 1074 380 erroneus,
1083 366 1091 376 s

175 392 288 413 sensitivamir
301 398 344 413 non,
357 396 386 409 set
399 396 427 409 est
440 392 508 410 dictum
524 392 649 409 ridiculosum⁴
663 393 685 409 Et
696 398 737 409 cum
747 396 841 415 peteretur
853 392 920 409 ibidem
931 392 953 409 ab
965 392 1004 409 ⁴aliis
1013 393 1092 415 magistrit

174 430 207 447 per
224 425 291 441 dictum
309 425 402 442 dominum
420 425 527 448 episcopum
546 425 676 445 Tusculanum=
695 428 754 442 utrum
774 425 862 442 articulus
878 425 913 442 iste
929 425 1034 447 simpliciter
1048 431 1090 448 nege

174 463 246 475 omnem
260 457 399 475 delectationem
409 458 428 474 in
438 458 585 481 corporabilibus
599 457 740 474 intellectualem
751 461 769 474 et
778 458 884 475 sensitivam
894 458 917 475 ab
929 458 985 474 anima
998 461 1073 480 separata
1082 464 1094 475 ev

175 491 193 507 in
203 490 314 507 humanitate
327 491 402 511 Christi,
417 497 481 508 omnes
496 491 580 508 dixerunt
595 491 675 513 exceptis
689 491 776 513 predictis
790 491 870 508 dominis
880 490 1014 513 archiepiscopo
1024 493 1042 507 et
1049 491 1094 508 fratr(

175 523 276 544 Bernardo,
285 524 334 546 quod
345 524 404 540 dictus
414 524 502 541 articulus
513 524 620 546 simpliciter
630 523 708 546 negabat
718 523 849 540 delectationes
859 524 978 546 supradictas,
988 529 1023 540 non
1032 523 1095 540 obstan-

175 556 224 573 tibus
239 556 380 579 allegationibus
395 557 414 573 in
428 557 538 573 contrarium
553 556 612 577 sactis,
627 559 645 573 et
659 556 701 573 ideo
716 556 783 573 dictum
799 556 894 573 articulum
912 560 930 573 ut
945 556 994 579 prius
1010 562 1096 573 erroneum

175 592 288 611 reputarunt.

219 621 247 638 Ad
261 622 341 644 quintum
356 621 451 638 articulum
465 622 497 644 qui
510 621 551 638 talis
565 624 619 638 estz«
628 622 692 638 Utrum
706 621 814 638 catholicum
828 627 850 638 an
864 621 963 639 hereticum
973 621 1001 638 vel
1010 627 1097 638 erroneum

175 654 199 671 sit
208 654 269 671 dicere
279 654 328 677 quod
339 660 376 671 non
389 657 439 671 esset
451 654 517 671 melius
527 654 585 671 anime
596 654 673 676 apostoli
684 654 765 671 resolute
775 660 784 671 a
794 660 848 671 carne
859 660 900 671 esse
912 655 991 671 resoluta
1000 660 1009 671 a
1018 660 1074 675 carne,
1083 658 1098 671 et

175 693 216 704 esse
233 693 274 703 cum
291 687 364 704 Christo
380 687 398 703 in
413 687 504 710 paradiso,
520 693 572 710 quam
588 693 629 703 esse
644 687 663 703 in
677 693 739 708 carne,
754 687 814 710 posito
829 687 878 710 quod
892 693 929 704 non
944 687 1011 704 videret
1027 687 1097 704 divinam

174 720 272 737 essentiam
288 719 361 741 clare»,
377 726 440 736 ornnes
455 720 498 737 dicti
516 720 598 743 magistri
615 720 751 743 responderunt
766 726 808 737 esse
824 726 927 737 erroneum.
944 720 1030 736 Dominus
1045 723 1098 737 autem

174 752 324 776 archiepiscopus
338 753 492 776 Rothomagensis
505 753 550 770 dixit
562 753 617 774 idem,
629 753 644 770 si
657 756 706 770 esset
718 753 743 770 ibi
756 753 838 770 exclusio
848 753 925 771 visionis
935 756 952 770 et
961 753 1049 770 fruitionis
1058 753 1098 770 divi-

174 786 236 803 nitatis
247 789 322 807 tantuin,
333 786 419 803 omnibus
429 786 470 803 aliis
481 786 606 806 munentibus3
618 789 635 803 et
645 786 706 803 dicere
717 787 766 809 quod
778 789 828 803 esset
838 786 913 803 multum
926 786 1006 803 deterius
1015 792 1054 803 esse
1063 792 1098 803 cum

175 818 247 836 Christo
258 819 293 836 isto
303 819 359 836 inodo
369 825 422 842 quam
433 825 540 841 permanere
551 819 569 836 in
579 824 640 840 carne,
648 822 666 836 et
675 819 725 842 quod
735 823 785 836 esset
794 819 892 842 dampnum
903 819 960 842 magis
970 825 1020 842 quam
1028 819 1098 839 lucrum,

175 852 238 869 dicunt
247 858 311 869 omnes
322 852 417 869 articulum
429 852 483 869 istum
495 852 553 875 magis
563 857 666 869 erroneum.

218 885 247 901 Ad
256 887 326 902 sextum
336 885 432 902 articulum
443 885 474 908 qui
484 885 525 902 talis
535 888 575 902 est:
585 892 594 901 «
605 886 669 902 Utrum
680 885 788 902 catholicum
799 891 821 902 an
831 885 930 902 hereticum
940 885 969 902 vel
979 891 1069 902 erroneum
1078 885 1099 902 sit

177 917 236 934 dicere
246 917 296 940 quod
306 917 385 940 apostoli
397 918 482 935 videntes
492 917 620 935 humanitatem
631 917 700 935 Christi
713 918 767 935 oculo
776 917 874 941 corporali,
884 918 972 935 haberent
982 921 1047 935 tantum
1057 917 1098 935 noti—

178 950 219 967 :iam
233 950 276 967 fidei
291 950 308 967 in
323 950 416 967 intellectu
430 950 453 967 de
466 950 505 973 ipsa
519 950 629 967 humanitate
639 950 708 967 Christi
717 958 733 971 υ,
744 951 830 968 dixerunt
840 956 903 967 omnes
915 950 996 974 magistri
1006 954 1023 968 et
1031 956 1099 968 concor-

178 983 223 999 iiter
232 986 340 1005 reputarunt
348 989 452 1000 erroneum.

219 1015 248 1032 Ad
257 1016 351 1038 septimum
362 1016 457 1033 articulum
468 1016 499 1039 qui
511 1016 551 1033 talis
562 1019 602 1033 est:
614 1023 622 1032 α
634 1017 699 1033 Utrum
708 1016 817 1033 catholicum
828 1022 850 1033 an
860 1016 960 1033 hereticum
972 1016 1000 1033 vel
1011 1022 1099 1033 erroneum

180 1049 200 1065 ;it
214 1048 275 1065 dicere
291 1048 340 1071 quod
354 1048 441 1066 hahitatio
459 1049 541 1070 celestis,
560 1049 679 1071 corporaliter
699 1052 771 1072 accepta
791 1049 858 1070 solum,
879 1049 935 1066 nichil
953 1049 1033 1071 proficiat
1047 1049 1099 1066 anime

180 1084 258 1103 §epau-ate
267 1088 283 1102 u,
294 1087 358 1098 omnes
372 1082 450 1104 predicti
463 1082 545 1104 magistri
559 1082 644 1098 dixerunt
656 1087 697 1099 esse
711 1088 809 1099 erroneum
823 1082 936 1104 simpliciter⁴
950 1082 1035 1099 Dominus
1046 1085 1098 1099 autern

181 1114 329 1136 {othomagensis
341 1114 492 1137 archiepiscopus
505 1114 550 1131 dixit
560 1114 609 1137 quod
622 1114 644 1131 de
657 1115 724 1131 virtute
734 1115 826 1131 sermonis
838 1118 867 1131 est
878 1120 972 1136 erroneus,
983 1118 1009 1131 set
1021 1115 1042 1131 de
1051 1115 1098 1132 modo

183 1147 270 1169 oquendi,
282 1147 297 1163 si
312 1154 320 1162 n<
329 1146 403 1163 nichil»
414 1147 513 1169 accipiatur
527 1153 559 1170 pro
573 1154 581 1162 n
591 1153 653 1170 parum
662 1154 679 1168 ι»,
693 1151 712 1164 ut
727 1147 780 1164 etiam
795 1147 905 1170 quandoque
920 1147 939 1164 in
954 1153 1002 1164 sacra
1018 1147 1098 1170 scriptura

182 1180 270 1202 mcipitur,
282 1180 327 1196 dixit
337 1183 380 1197 tunc
390 1180 445 1196 istum
455 1179 551 1197 articulum
563 1186 600 1196 nou
609 1185 714 1197 erroneum.

220 1213 248 1229 Ad
262 1215 342 1230 octavum
356 1212 452 1229 articulum
466 1213 497 1235 qui
512 1213 552 1230 talis
564 1216 591 1229 est
601 1218 604 1229 ι
614 1220 622 1228 u
631 1213 696 1230 Utrum
710 1213 819 1230 catholicum
832 1219 854 1230 an
864 1213 963 1230 hereticum
972 1213 1001 1230 vel
1010 1219 1098 1230 erroneum

186 1246 200 1262 it
209 1246 271 1262 dicere
282 1246 330 1268 quod
341 1246 399 1262 anima
410 1249 491 1268 separata
502 1252 539 1262 non
549 1245 649 1262 delectatur
658 1246 676 1262 in
686 1246 738 1268 puris
748 1246 881 1270 corporalibus,
890 1252 912 1263 eo
919 1246 968 1269 quod
975 1249 1002 1263 est
1009 1246 1078 1269 spiritus
1084 1253 1097 1267 η,

186 1278 312 1302 esponderunt
321 1282 340 1296 et
349 1279 434 1296 dixerunt
444 1285 509 1296 omnes
521 1278 603 1301 magistri
616 1284 721 1300 erroneum,
731 1282 750 1295 et
759 1278 845 1296 dominus
855 1278 1001 1302 archiepiscopus
1010 1279 1098 1296 Rothoma-

185 1312 240 1334 sensis
250 1312 310 1334 ipsum
321 1312 374 1328 etiarn
385 1315 457 1335 reputat
466 1318 563 1329 erroneum
574 1311 597 1328 de
607 1311 727 1328 delectatione
738 1311 863 1329 intellectuali.
