1273 1538
184 51 228 70 1³36]
375 54 398 66 ΑΒ
414 54 467 65 anno
484 53 600 65 mcccxxxv:
617 53 683 68 usqua
700 54 724 65 Λυ
741 54 811 66 Annum
827 54 898 67 neem„
1070 48 1102 66 469

185 140 249 160 1006.
259 144 343 158 Benedictus
350 144 380 157 111
388 143 504 157 consumam-em
512 147 539 161 pm
549 143 585 156 bano
592 142 659 160 regimim
668 143 726 156 wdim}
732 143 795 160 fratrum
803 143 873 156 umorum
882 143 969 162 promulgat,
980 144 995 157 [ιι
1005 147 1033 161 qua
1041 144 1074 160 sm
1084 143 1102 156 de

221 169 272 183 ,maza
280 168 341 186 Ordinis,
348 168 434 187 praesertim
441 168 509 185 Pamin,
517 169 532 181 er
538 167 555 180 ae
563 167 604 181 libris
611 167 650 180 novin
657 167 759 181 examinandi·
766 167 819 185 agam.

742 232 779 248 nso,
785 232 858 246 Novembri«
864 232 887 247 28.
895 232 960 246 Anniano.

221 292 347 310 Benedictus...
363 292 391 309 Ad
406 295 511 315 perpetuam
524 292 550 309 rei
564 293 674 310 memoriam⁴
689 292 799 315 Redemptor
812 295 902 310 noster....
916 293 945 309 Ad
958 292 1101 315 promovendum

181 326 250 348 insuper
259 331 308 342 sacre
319 325 411 348 theologie
421 325 521 342 doctrinam
533 325 551 342 in
561 325 630 342 Ordine
640 328 746 347 memorato⁷
757 326 853 343 statuimus
863 326 912 348 quod
922 326 996 343 fratrum
1011 326 1042 348 qui
1052 325 1101 342 ordi-

181 358 264 376 nabuntur
273 359 295 376 ad
304 358 402 382 legendum
413 358 516 375 Sententias
526 359 607 376 Parisius
617 365 665 376 unus
675 361 776 376 assumatur
787 365 823 376 uno
833 365 881 376 anno
891 359 913 376 de
924 359 1015 382 provincia
1026 359 1101 376 Franoie

181 397 209 415 per
218 392 273 414 ipsius
283 392 376 415 provincie
386 392 497 414 provinciale
508 392 610 415 Capitulum
621 392 725 415 eligendus,
740 392 777 409 duo
787 395 846 409 autem
857 392 928 409 duobus
942 392 993 409 annis
1008 392 1101 415 sequenti-

181 425 211 442 bus
220 425 241 442 de
250 425 290 442 aliis
299 425 380 448 partibus
389 425 471 446 Ordinis,
483 431 530 442 unus
539 425 625 442 videlicet
634 425 657 442 de
667 425 798 446 Cismontanis,
813 425 859 442 alius
869 425 891 442 de
906 425 1047 442 Ultramontanis
1062 431 1102 448 par-

180 458 224 475 tibus
232 464 264 481 per
272 458 357 481 generale
367 458 470 481 Capitulum
481 458 599 481 eligendi¹....
609 458 675 475 Nullus
686 464 758 481 quoque
767 458 823 475 frater
833 458 875 475 dicti
885 458 960 475 Ordinis
972 458 994 475 ad
1003 458 1101 481 legendum

179 491 196 507 in
205 491 330 514 prenominatis
340 491 406 508 studiis
417 491 519 508 Sententias
529 494 637 512 assumatur,
648 491 685 508 nisi
695 491 746 514 prius
756 491 822 514 legerit
832 494 894 514 quater
907 491 944 513 (sic)
958 491 1015 508 libros
1026 491 1102 508 Senten-

180 524 237 541 tiarum
247 530 286 541 cum
296 524 369 547 scriptis
379 524 519 547 approbatorum
530 524 624 541 doctorum
634 524 653 541 in
663 524 704 541 aliis
714 524 787 545 studiis,
798 530 833 547 que
841 524 859 541 in
868 524 932 541 eodem
940 524 1009 541 Ordine
1017 524 1102 542 dicuntur

179 557 269 580 generalia,
282 558 311 575 vel
325 557 343 574 in
357 557 478 575 conventibus
494 557 621 580 infrascriptis,
636 557 723 575 videlicet
737 557 887 580 Rothomagens„
905 558 998 579 Remens„
1016 558 1101 578 Metens.,

178 591 269 614 Brugens.,
289 591 420 612 Londoniens.‚
442 590 561 612 Eboracens.‚
582 590 726 612 Norchwicens.,
746 590 855 612 Novicastri,
873 590 1012 612 Stansordiens.,
1030 590 1101 608 Coven—

178 624 252 645 treiens..
263 624 369 645 Oxoniens.,
380 624 520 647 Burdegalens„
531 623 653 645 Narbonens„
664 623 783 645 Massiliens.,
790 624 872 645 Astens„
882 624 998 645 Varadiens.,
1005 624 1101 647 Pragens.,

178 657 238 678 Pisum,
248 657 367 678 Erfordiens.²
377 657 497 678 Acin-inens„
508 657 602 674 Tudertin.
617 657 683 674 Nullus
693 660 752 674 autem
762 656 874 674 bacealarius
887 657 906 674 in
919 657 979 680 aliquo
993 657 1047 674 trium
1063 663 1103 680 pre-

178 691 302 707 nominatorum
312 690 439 713 principalium
449 690 569 710 studiorum&
580 695 613 707 seu
623 690 703 711 illorum,
712 690 730 707 in
738 690 812 713 quibus,
821 694 841 707 ut
848 690 957 713 premissum
966 693 1000 711 est,
1008 691 1102 713 continget

177 724 287 747 imposterum
298 729 330 746 per
340 723 403 740 sedem
413 723 531 746 apostolicam
541 723 629 744 ordinari,
642 723 691 746 quod
702 723 745 740 [iant
755 723 773 740 in
783 723 811 740 eis
821 724 839 740 in
850 723 940 747 theologia
955 723 1044 746 magistri,
1059 723 1101 740 inci-

177 757 210 780 piat
219 760 237 774 ut
249 756 341 779 magister,
355 759 451 778 antequam
465 759 533 773 textum
549 756 607 773 Biblie
622 762 663 773 cum
678 756 747 779 glossis
760 756 859 774 ordinariis
873 757 970 774 studuerit.
984 757 1005 774 ln
1020 756 1102 779 quolibet

177 793 230 806 autem
240 796 301 807 eorum
311 790 365 807 trium
376 789 405 806 vel
415 789 497 812 proxime
508 789 598 806 dictorum
608 789 711 806 studiorum
725 789 756 806 ille
769 789 820 812 prior
833 790 855 806 ad
869 789 994 812 magisterium
1008 793 1102 812 presente-

177 826 208 844 tur,
216 823 245 846 qui
255 823 304 845 prior
314 823 332 839 in
342 822 411 839 eisdem
421 822 489 839 studiis
498 822 553 839 suerit
563 822 581 839 in
592 822 660 839 lectura
672 822 812 843 Sententiarum,
819 828 840 839 eo
849 828 921 845 semper
930 823 986 843 salvo,
995 823 1044 845 quod
1052 826 1102 839 ante-

176 862 224 879 quam
233 859 352 879 presentetur,
363 861 419 878 super
432 855 491 878 ipsius
505 855 541 872 vita
557 858 575 872 et
589 855 697 872 sufficientia
712 856 784 872 collatio
794 855 882 873 habeatur
896 862 928 879 per
942 856 1045 873 ministrum
1058 861 1101 878 pro-

176 889 263 907 vim-ialam
273 889 302 906 vel
312 889 419 912 gardianum
430 895 470 906 cum
481 888 521 906 aliis
531 889 625 910 fratribus,
636 889 667 911 qui
678 888 738 906 solent
749 889 771 906 ad
783 889 834 906 illius
844 889 886 909 loci,
901 889 919 906 in
930 895 966 911 quo
980 889 1101 906 assumendus

177 922 207 939 erit
215 922 235 939 ad
245 922 376 945 magisterium,
387 922 463 939 consilia
473 922 552 943 evocari,
562 925 580 939 et
590 922 606 939 si
616 922 702 939 inventus
711 922 766 939 suerit
774 922 887 939 insufficiens
894 922 923 939 vel
934 922 1028 945 indignus,
1035 928 1102 945 nequa-

177 961 224 978 quam
234 958 355 978 presentetur;
366 955 399 972 sed
409 955 492 977 generali
507 955 590 972 ministro
603 961 656 972 casus
671 955 771 972 instructus
785 961 825 972 cum
840 955 893 972 dictis
908 961 978 976 eorum,
992 955 1023 978 qui
1035 955 1102 972 suerint

176 988 192 1005 in
201 988 281 1009 consilio,
292 988 391 1005 nuntietur.
402 988 437 1010 Qui
447 994 488 1005 cum
499 988 596 1005 duodecim
606 988 692 1005 discretis
699 988 786 1005 fratribus
793 991 863 1005 matura
870 988 1001 1005 deliberatione
1010 988 1103 1011 prehabita

177 1022 196 1038 de
205 1021 278 1039 consilio
293 1021 398 1039 eorumdem
412 1021 486 1039 mandet
500 1021 548 1038 dicto
563 1021 647 1039 ministro
661 1021 691 1039 vel
705 1021 800 1044 gardiano,
816 1021 864 1044 quod
878 1021 1004 1043 buccalarium,
1018 1022 1048 1044 qui
1061 1025 1102 1045 post

176 1055 270 1078 predictum
283 1055 386 1072 immediate
399 1054 464 1072 debeat
479 1055 501 1071 ad
514 1055 639 1078 magisterium
657 1055 702 1072 inibi
717 1055 828 1078 promoveri,
846 1054 861 1072 si
879 1055 903 1072 sit
916 1055 995 1072 idoneus
1014 1055 1102 1078 (alioquin

176 1088 228 1109 illum,
242 1088 264 1105 de
278 1094 313 1110 quo
328 1088 368 1111 ipse
382 1088 474 1111 generalis
488 1088 569 1111 predicta
585 1088 718 1105 deliberatione
732 1089 829 1111 premissa,
844 1089 866 1105 de
883 1088 961 1106 consilio
978 1089 1101 1112 predictorum

176 1121 264 1138 duodecim
275 1122 348 1144 prefatis
362 1121 447 1138 ministro
461 1121 568 1144 provinciali
583 1121 612 1139 vel
627 1121 715 1145 gardiano
730 1122 854 1144 mandaverit),
865 1122 884 1138 in
894 1122 924 1138 tali
939 1128 982 1139 casu
992 1122 1070 1139 debeant
1079 1121 1101 1138 ad

176 1155 292 1177 magisterium
303 1158 414 1178 presentare.
425 1155 471 1172 Cum
482 1158 541 1172 autem
553 1155 660 1178 hujusmodi
669 1155 735 1172 fratres
749 1155 838 1178 assumpti
851 1155 920 1172 suerint
933 1155 955 1172 ad
970 1155 1101 1177 magisterium,

175 1191 191 1205 et
199 1188 216 1204 in
226 1188 345 1205 Universitate
356 1194 388 1205 sua
398 1188 510 1210 perfecerint
519 1194 592 1205 cursum
603 1194 664 1210 suum,
675 1188 718 1205 fiant
728 1188 807 1205 lectores
817 1188 860 1205 alibi
870 1188 888 1205 in
901 1188 947 1205 locis
957 1188 1071 1209 solennibus,
1083 1191 1102 1204 ut

175 1221 192 1238 in
200 1221 265 1238 lectura
274 1221 345 1239 valeant
354 1221 423 1239 utiliter
433 1221 546 1244 occupari...
558 1221 637 1238 Predicti
646 1227 691 1239 vero
699 1221 788 1244 magistri,
796 1222 882 1242 lectores,
890 1225 908 1238 et
915 1221 1011 1238 baccalarii
1018 1221 1102 1244 legentes

175 1254 278 1277 theologiam
289 1255 341 1272 dictis
352 1254 504 1278 philosophorum
514 1261 551 1272 non
561 1255 638 1271 multum
651 1255 743 1276 insistant,
754 1255 787 1272 sed
797 1261 833 1277 que
847 1254 950 1277 theologice
966 1258 1043 1277 possunt
1057 1258 1102 1272 trac-

175 1288 211 1309 tari,
221 1291 328 1310 pertractent
338 1288 447 1311 theologice,
458 1292 476 1305 et
486 1289 540 1305 dictis
550 1288 678 1305 communibus
689 1289 803 1311 antiquorum
817 1292 835 1305 et
846 1288 986 1311 approbatorum
1000 1288 1102 1310 doctorum,

175 1324 224 1344 prout
233 1322 331 1339 secundum
342 1322 400 1339 Deum
410 1325 428 1339 et
437 1322 531 1339 veritatem
542 1325 634 1345 poterunt,
645 1328 666 1339 se
676 1322 795 1339 conforment⁴
812 1322 894 1344 Magistri
905 1328 978 1345 quoque
991 1325 1008 1339 et
1024 1322 1102 1340 lectores
