1273 1538
183 49 225 69 1333]
374 54 396 66 in
413 54 464 65 Anno
481 53 596 65 uem-XXXV!
613 53 680 67 osona
697 53 722 64 An
739 53 807 65 Annum
823 53 893 65 mecei..
1063 47 1095 64 421

221 92 246 109 Ad
256 96 315 109 nouum
327 91 420 108 articulum
433 91 463 113 qui
474 90 514 107 talis
524 94 551 107 est
565 96 569 107 ε
583 97 591 106 «
604 91 668 107 Utrum
682 90 789 108 catholicum
805 96 827 107 an
841 89 940 106 hereticum
955 90 983 107 vel
999 96 1094 107 erroneum

182 127 202 144 sit
215 126 271 142 dicere
285 124 332 147 quod
344 126 393 141 Deus
410 127 511 141 remunerat
527 124 602 141 animam
618 123 678 141 statim
693 127 735 147 post
750 127 826 141 mortem
844 126 929 146 quantum
946 129 1002 146 capax
1018 127 1052 145 est,
1067 123 1095 140 vel

182 159 228 183 punit
239 164 275 175 eam
289 161 372 180 quantum
386 163 440 180 capax
449 160 477 174 est
485 164 500 178 n,
514 163 577 174 omnes
593 157 635 174 dicti
651 157 720 174 domini
736 157 817 180 magistri
832 156 966 180 respondentes
981 157 1096 174 concorditer

182 193 263 212 dixerunt,
279 191 344 208 dictum
358 190 451 208 articulum
471 194 524 213 prout
535 191 583 213 jacet
599 191 621 207 de
638 191 705 208 virtute
720 191 812 208 sermonis
826 197 867 208 esse
884 196 988 208 erroneum*
1008 191 1096 207 Dominus

182 230 233 244 autem
246 224 562 248 archiepiscopus-Rhoiomagensis,
575 224 657 247 magistri
674 224 783 244 Bertaudus.
799 224 903 241 Bet-nardus
914 227 932 241 et
943 224 1036 241 Arnaldus
1048 224 1097 241 dixe-

182 263 219 277 runt
236 259 292 282 ipsum
313 258 405 275 articulum
424 264 465 275 esse
485 264 581 275 erroneum
600 258 722 281 intelligendo
740 259 763 275 de
781 259 839 276 anima
857 265 894 276 non
909 262 994 282 purgatam
1015 259 1057 275 item
1075 258 1097 275 de

182 295 249 316 purgata
262 291 380 314 intelligendo
392 291 415 308 de
428 291 572 308 renumeratione
584 292 700 312 accidentali;
715 292 758 308 item
771 292 823 309 etiam
837 292 957 315 intelligendo
968 292 990 309 de
1000 292 1097 315 capacitate

182 325 259 345 naturali;
272 324 313 341 item
328 325 350 341 de
363 324 459 347 capacitate
474 324 574 347 propinqua
591 331 626 348 que
643 328 672 341 est
688 325 790 342 secundum
807 325 893 342 demerita
908 325 926 342 in
942 325 1006 342 ordine
1022 325 1044 342 ad
1059 326 1098 348 ipsa

183 358 280 381 simpliciter
292 361 309 374 et
323 357 405 374 absolute
419 361 495 380 sumpta,
511 358 542 375 Set
555 357 647 381 loquendo
663 358 686 375 de
700 358 758 375 anima
773 361 847 381 purgata
860 362 878 375 et
890 359 960 381 premio
974 359 1069 376 essentiali
1081 362 1098 375 et

183 391 270 415 capacitate
283 391 381 414 propinqua
395 391 413 407 in
428 391 491 408 ordine
507 391 529 408 ad
543 391 607 408 dictam
625 391 765 414 dispositionem
782 397 819 408 non
835 395 917 414 reputant
932 392 1028 409 articulum
1045 392 1098 409 istum

184 430 277 445 erroneum,
285 428 312 441 set
322 424 435 447 opinabilem!
445 424 514 441 Deinde
523 428 597 447 propter
607 425 673 441 dictam
684 424 820 442 distinctionem
831 425 861 441 alii
871 425 952 448 magistri
962 425 1075 448 interrogati,
1084 425 1099 442 si

183 457 259 475 volebant
269 457 335 480 aliquid
344 458 411 474 addere
421 457 536 480 responsioni
546 463 578 480 per
588 464 620 475 eos
630 458 684 478 facte,
695 458 780 475 dixerunt
790 458 839 480 quod
850 464 892 474 non⁴

221 491 247 508 Ad
258 490 339 508 decimum
352 491 445 508 articulum
458 491 487 514 qui
501 494 529 508 est
539 491 592 508 talis:
602 498 609 507 «
621 491 686 508 Utrum
700 491 809 508 catholicum
819 497 840 508 an
851 491 950 508 hereticum
963 491 991 508 vel
1003 497 1099 508 erroneum

183 525 203 541 sit
216 524 272 541 dicere
287 524 334 547 quod
350 524 410 547 angeli
426 530 462 541 non
477 524 581 541 desiderant
595 524 701 547 prospicere
717 524 845 541 humanitatem
863 524 958 545 Christi»,
976 530 1040 541 omnes
1058 524 1100 541 dict-i

184 557 256 580 magistri
266 557 379 574 concorditer
388 557 520 580 respondentes
530 557 614 575 dixerunt
624 557 685 580 ipsum
696 557 791 575 articulum
802 563 843 574 esse
853 563 949 574 erroneum
961 561 979 574 et
988 557 1060 574 salsum.

221 591 247 608 Ad
257 590 362 608 undecimum
369 591 463 608 articulum
473 591 504 614 qui
514 591 555 608 talis
565 594 593 608 est
601 597 604 608 z
613 598 622 607 ι(
631 592 697 608 Utrum
707 590 816 608 catholicum
826 597 848 608 an
857 590 958 608 hereticum
966 591 995 608 vel
1003 596 1100 608 erroneum

184 624 203 641 sit
211 624 267 641 dicere
277 624 325 647 quod
334 624 410 647 angelus
420 623 447 641 vel
457 624 514 640 anima
525 630 561 641 uon
571 624 665 641 desideret
674 624 744 646 aliquid
754 624 831 641 inferius
842 630 861 641 se
870 631 885 645 »,
895 624 1029 647 responderunt
1038 629 1101 641 omnes

183 657 220 674 dicti
230 657 307 680 magistri
318 657 425 674 unanimiter
435 660 453 674 et
462 657 521 680 ipsum
531 657 626 674 articulum
637 657 724 674 dixerunt
733 663 774 674 esse
784 663 881 674 erroneum
889 660 908 674 et
915 657 986 674 salsum.

222 691 246 707 De
259 690 323 713 quibus
336 690 420 707 omnibus
434 690 543 713 supradictis
556 691 636 713 prefatus
651 690 738 707 dominus
750 690 861 707 camerarius
875 690 966 708 mandavit
977 690 1032 707 miehi
1046 691 1100 707 infra-

184 724 244 746 scripto
253 724 321 740 notario
333 724 391 740 facere
402 729 456 740 unum
467 723 494 740 vel
505 723 556 746 plura
567 723 638 746 publica
649 724 777 740 instrumenta.

221 757 261 774 Acta
277 757 349 774 suerunt
362 757 395 774 hec
412 763 465 778 anno,
481 756 586 778 indictione,
604 756 718 780 pontificatu,
735 757 765 774 die
782 760 800 774 et
814 757 855 774 loco
872 757 965 780 predictis,
983 757 1100 780 presentibus

182 790 252 807 testibus
265 790 347 808 discretis
357 790 401 807 viris
411 790 489 807 dominis
502 790 569 807 tacebo
579 790 601 807 de
615 790 679 807 Sancta
690 790 776 811 Victoria,
787 790 882 813 preposito
893 790 970 807 ecclesie
982 791 1042 808 Sancti
1052 790 1100 808 Petri

182 824 202 840 de
211 824 298 844 Mansano,
308 823 392 841 Astensis
402 823 486 844 diocesis,
498 826 515 840 et
525 823 596 840 Russino
606 823 629 840 de
639 823 719 845 Fieeclo,
730 827 801 840 rectore
811 823 888 841 ecclesie
900 824 959 841 Sancti
967 824 1036 841 Nicolai
1046 830 1100 847 supra

183 858 248 874 Fossata
262 857 392 877 Atrebatencia,
405 857 426 874 ad
440 856 527 880 premissa
543 857 617 877 vocatis,
630 860 648 873 et
663 863 692 873 me
707 856 807 874 Guillelmo
821 857 843 873 de
857 857 928 874 Petrilia
943 857 1013 874 notario
1027 857 1099 880 publico

182 890 293 913 infrascripto.

221 924 295 946 Postque
313 930 366 944 anno=
381 923 479 940 indictione
492 926 510 940 et
524 923 628 946 pontificatu
641 923 710 946 quibus
724 929 785 946 supra,
800 923 829 940 die
843 924 919 946 septima
933 924 1015 946 ejusdem
1032 924 1099 941 mensis

182 957 285 980 Septembris
295 957 384 974 Avinione
398 957 416 973 in
429 956 512 979 hospicio
521 957 584 979 prefati
598 957 666 973 domini
676 957 758 980 episcopi
773 957 882 978 Penestrini,
895 963 954 973 corani
969 957 1049 974 dominis
1062 957 1099 980 epi-

182 990 235 1013 scopis
242 993 259 1007 et
268 990 364 1007 camerario
374 990 488 1013 supradictis,
497 990 613 1012 presentibus
621 989 691 1007 eisdem
700 990 786 1007 omnibus
795 990 874 1007 dominis
882 990 975 1013 magistris
985 990 1007 1007 ad
1018 990 1050 1007 hec
1059 996 1099 1013 spe-

181 1023 243 1040 cialiter
250 1024 370 1046 congregatis„
376 1029 395 1040 ac
404 1023 455 1040 etiam
464 1026 548 1046 presente
556 1023 609 1040 fratre
618 1023 703 1040 Emundo
711 1023 841 1044 Manescalli¹²‚
848 1023 932 1046 Anglieo,
941 1023 1017 1041 Ordinis
1025 1024 1099 1041 fratrum

181 1057 269 1077 Minoi-um,
280 1057 382 1079 supradicto
393 1060 477 1079 precepto
487 1057 534 1073 sicut
543 1056 607 1073 sactum
618 1057 678 1073 suerat
687 1056 728 1073 aliis
739 1056 831 1080 magistris
842 1057 900 1074 eidem
913 1057 963 1074 fratri
974 1057 1057 1074 Emundo
1067 1063 1099 1080 per

181 1090 259 1112 prefatum
272 1090 361 1107 dominum
373 1090 493 1107 Tusculanum
507 1089 613 1112 episcopum
626 1089 751 1107 verbothenus
765 1090 818 1110 sacto,
831 1090 864 1107 suit
877 1096 982 1112 processum
995 1093 1012 1107 et
1023 1096 1097 1113 respon⁴

181 1129 214 1140 suin
224 1123 244 1140 ad
254 1123 385 1146 subsequentes
395 1123 479 1140 articulos
490 1123 508 1139 in
518 1123 566 1140 hunc
576 1123 649 1140 modum
658 1129 662 1140 :

218 1156 244 1173 Ad
257 1156 375 1173 duodecimum
389 1156 482 1173 articulum
498 1156 528 1179 qui
543 1156 583 1173 talis
594 1159 632 1173 est:
642 1163 650 1172 (ι
660 1157 725 1173 Utrum
739 1156 847 1173 catholicum
860 1163 882 1174 an
894 1157 994 1174 hereticum
1007 1156 1036 1173 vel
1047 1162 1096 1173 erro—

179 1195 226 1206 neum
240 1189 262 1206 sit
274 1189 333 1206 dicere
347 1189 395 1212 quod
408 1190 466 1206 anime
479 1193 540 1206 sancte
554 1189 618 1207 nolunt
631 1190 686 1206 modo
699 1189 774 1211 habere,
787 1190 844 1207 setin
854 1190 883 1207 die
893 1190 958 1213 judicii
969 1189 1045 1213 glorium
1056 1195 1095 1206 eor-

179 1222 222 1244 poris
232 1230 246 1244 »,
259 1223 346 1240 dictorum
360 1223 472 1239 dominorum
485 1223 610 1246 magistrorum
624 1223 699 1240 suerunt
711 1223 784 1240 diverse
796 1223 892 1246 opiniones
905 1223 1006 1244 discordes,
1020 1222 1095 1245 quibus—

178 1255 212 1272 dam
226 1255 325 1273 dicentibus
340 1256 433 1273 articulum
448 1256 501 1273 istum
516 1262 619 1277 erroneum⁷
633 1256 675 1273 aliis
689 1256 754 1273 salsum
769 1259 786 1273 et
801 1256 922 1277 temerarium,
936 1256 977 1273 aliis
992 1256 1094 1274 dicentibus

177 1288 230 1311 ipsum
239 1289 331 1306 articulum
341 1295 409 1310 verum=
420 1289 459 1306 aliis
469 1290 625 1313 distinguentibus
635 1290 658 1307 de
667 1290 748 1313 appetitu
761 1290 845 1310 naturali,
855 1293 873 1306 et
882 1290 904 1307 de
914 1290 994 1312 appetitu
1006 1289 1062 1307 relato
1072 1291 1093 1308 ad

177 1322 299 1339 ordinationem
310 1322 394 1344 divinam,v
405 1326 422 1339 et
432 1328 492 1340 verum
503 1323 521 1339 in
532 1323 595 1340 ultimo
604 1329 667 1340 sensu⁴
