1273 1538
169 38 200 56 162
457 42 616 54 suan-ruumuu
632 42 727 54 utura-ns⁴
744 42 810 54 mars.
877 43 884 51 f·
1046 34 1092 54 [1313

168 79 209 96 tatis
220 79 310 102 predicte‚'
321 78 370 102 quod
384 78 515 102 appellavimus
530 83 547 96 et
561 79 699 102 provocavimus
713 80 735 96 ad
748 79 810 97 sedem
824 78 949 102 apostolicam3
965 82 984 96 et
994 79 1049 102 'super
1061 78 1092 96 line

169 112 266 135 petivimus
281 112 374 135 apostolos
391 111 444 129 nobis
459 112 498 129 dari
513 116 530 129 et
546 113 621 129 concedi
636 112 681 129 tales
698 112 761 135 quales
775 113 798 129 de
812 112 854 135 jure
871 111 961 129 debentur
980 111 1038 132 nobiti,
1055 117 1092 129 cum

170 145 240 162 notario
258 145 331 168 publico
345 145 374 162 hie
392 148 461 162 astante
476 145 521 162 infra
541 145 615 168 scripto*
634 145 668 162 Cui
685 145 801 168 appellationi
816 148 834 162 et
848 144 972 168 provocationi
988 144 1093 162 adheserunt

170 178 266 195 reverendi
283 179 352 196 domini
368 178 455 199 scolares,
473 178 558 195 dominus
574 178 666 195 lohannes
683 178 705 195 de
720 178 851 199 Lucembomc,
869 178 953 195 dominus
968 178 1057 195 lohannes
1072 178 1093 195 de

171 211 295 233 Grandisono,
308 212 393 228 dominus
405 211 497 228 Amedeus
510 211 533 228 de
547 211 629 232 Gebena,
642 211 727 228 dominus
739 212 832 228 Johannes
844 211 866 228 de
879 210 1001 232 Faleomonte,
1014 211 1094 228 dominus

172 245 225 268 Hugo
235 245 327 268 Dalphini,
342 244 427 262 dominus
437 244 549 268 Reginaldus
559 244 582 261 de
591 245 668 266 Meseto,
681 244 782 262 Ademarus
795 244 817 262 (19
830 245 895 266 Croso,
907 244 998 262 lohannes
1010 244 1032 261 de
1043 244 1093 262 Molis

172 281 190 295 et
203 278 258 295 frater
272 284 324 299 suus⁷
339 278 424 295 dominus
439 277 549 295 Guillelmus
564 277 586 294 de
601 277 690 299 Lobesco¹
704 278 808 295 Amanevus
825 278 847 295 de
864 278 969 299 Ramoforti,
984 281 1002 294 et
1015 278 1094 295 dominus

173 311 290 334 Raymundus
297 311 320 327 de
328 310 419 328 Car-lucio.
430 311 452 327 Et
461 310 498 327 hiis
508 311 558 332 actis,
569 311 679 328 accessimus
689 310 738 328 illico
748 317 789 328 cum
800 311 929 328 adherentibus
939 311 961 328 ad
972 311 1094 328 monasterium

173 344 237 361 Sancte
247 344 348 366 Genovese,
359 347 377 361 et
389 344 445 361 locuti
458 344 526 361 suimus
538 350 578 361 eum
591 344 627 361 hiis
638 344 768 361 adherentibus
781 344 855 361 domino
864 357 875 361 ..
884 344 950 365 abbati,
961 344 1051 361 executori
1060 350 1095 367 pre-

173 377 231 398 diem
246 383 298 400 quam
313 377 452 401 appellationem
467 377 503 394 sibi
518 377 650 394 insinuavimus
664 381 682 394 et
696 377 820 400 exposuimus.
834 378 856 394 Et
870 377 912 394 dum
925 383 964 394 eam
977 377 1038 400 legere
1052 383 1095 400 parav

173 410 244 431 bamus,
254 410 288 427 suit
298 416 406 434 responsum
417 410 439 427 ab
449 410 497 434 ipso,
508 410 556 434 quod
566 416 604 427 eam
615 416 648 433 pro
658 410 703 427 lecta
713 410 796 431 habebat⁷
806 414 824 428 et
834 410 882 434 quod
893 410 928 428 sibi
938 410 1010 427 daretur
1019 411 1068 434 copia
1076 411 1096 428 ad

174 443 312 461 deliberandum
322 444 341 461 in
351 444 456 461 erastinum.

218 477 278 498 Unde,
292 477 361 494 domini
374 477 470 498 carissimi,
483 477 514 500 qui
528 476 595 494 ibidem
609 477 653 494 estis
665 476 771 500 congregati
783 469 867 500 tanquam
879 476 981 500 singulares
992 482 1072 500 persone,
1082 477 1097 494 si

173 510 226 528 vobis
243 510 302 533 placet
319 510 442 534 provocationi
459 514 477 527 et
493 510 609 533 appellationi
626 514 689 527 nostre
705 510 800 531 adherere,
815 516 867 533 quam
883 510 999 527 adhesionem
1012 511 1095 533 [petimus]

174 544 247 566 penitus
257 544 323 561 intuitu
334 543 406 567 pietatis
416 547 491 567 propter
503 549 593 567 pauperes
604 543 635 566 qui
648 543 666 560 in
677 543 799 561 Universitate
812 544 891 566 predicta
902 547 950 564 sunt,
963 544 1004 566 quia
1016 550 1052 560 non
1063 550 1096 561 cre-

174 577 234 594 dimus
245 583 307 594 eorum
318 577 391 594 bursam
402 576 424 593 ad
435 582 512 599 presens
523 577 570 593 infra
581 580 616 594 tam
625 577 681 594 breve
695 580 766 600 tempus
778 580 856 600 paratam
870 577 891 594 ad
902 577 1009 594 solvendum
1022 583 1026 593 2
1039 583 1096 600 quare,

173 610 189 627 si
202 610 254 627 vobis
267 610 331 633 placet,
347 610 406 633 legam
421 613 502 627 tenorem
517 610 644 633 appellationis
658 613 727 627 nostre.
742 610 778 632 Qui
792 610 928 633 responderunt
941 610 976 627 alta
988 616 1038 631 voce,
1052 610 1096 634 quod

172 643 259 660 volebant
273 643 348 660 eandem
365 642 506 666 appellationem
520 642 556 666 legi
571 646 589 660 et
603 643 699 666 publicari,
714 643 831 666 presentibus
848 643 926 660 testibus
942 643 990 664 istis,
1004 643 1095 660 videficet:

174 676 261 699 mnff'stro
269 676 336 693 Jacobo
347 676 369 693 de
380 676 465 698 Quoeria,
473 676 555 693 iohanne
565 676 588 693 de
596 677 650 697 Luca,
659 676 737 694 Girardo
748 676 770 693 de
779 677 856 700 Brenay,
864 676 948 696 clericis2
957 676 1035 693 Roberto
1042 677 1097 700 Tyais,

174 714 192 727 et
199 710 296 733 Aymerico
306 709 375 731 Olhuti,
387 709 405 726 in
415 709 486 727 abbatia
496 710 587 733 predicta:

220 744 240 760 In
250 743 324 760 nomine
334 743 374 764 Dei,
385 749 444 759 amem
457 743 545 760 Noverint
556 743 645 764 universi,
659 749 736 766 presens
746 743 886 761 instrumentum
897 743 989 766 publicum
999 743 1098 766 inspecturi,

175 777 225 800 quod
239 783 287 794 anno
302 777 375 794 Domini
390 776 488 794 millesimo
500 777 628 794 trecentesimo
639 777 692 794 tertio
703 777 780 798 decimo,
791 777 891 794 indictione
902 777 1003 798 undecima=
1014 781 1062 794 sexta
1072 777 1098 794 die

174 811 243 827 mensis
256 811 305 832 Maii,
320 810 435 834 pontificatus
449 810 518 827 domini
531 810 638 831 Clementis,
649 810 709 827 divina
722 811 836 834 providentia
846 817 892 834 pape
902 811 968 834 quinti,
978 817 1024 828 anno
1036 814 1099 831 octavo,

175 844 244 861 domini
257 844 339 867 magistri
354 843 449 866 Philippus
462 843 538 865 Nicolai,
551 844 643 861 Johannes
656 844 679 860 de
692 844 756 867 Longo
769 848 827 867 pram,
842 844 925 867 Paganus
938 844 961 861 de
972 843 989 861 la
1003 844 1099 865 Beschiere,

175 877 228 900 Hugo
244 877 266 894 de
282 878 362 898 Foresta„
373 876 484 894 Guillelmus
497 877 519 894 (le
533 877 632 898 Curseriis,
643 876 753 894 Guillelmus
763 877 883 900 Carpentarii,
894 877 993 894 Gausridus
1005 877 1028 894 de
1037 877 1100 900 Falays,

175 914 250 934 propter
262 911 307 928 infra
320 910 387 934 scripta
400 910 521 933 personaliter
531 910 631 932 constituti,
642 910 661 927 in
672 910 706 927 mei
718 910 787 933 publici
798 910 870 931 notarii,
881 913 920 932 etc„
931 914 949 927 et
959 910 984 928 sic
995 910 1100 927 terminatur:

219 945 263 961 Aeta
274 948 318 961 sunt
326 944 360 961 hec
371 944 458 965 Parisius.
472 944 491 960 in
504 943 574 961 abbatia
586 944 674 967 predicta.
687 944 804 967 presentibus
817 944 904 967 magistro
916 944 990 961 Nicolao
1000 944 1022 961 de
1031 944 1101 965 Vienna,

177 981 247 994 rectore
265 977 393 995 Universitatis
410 977 491 994 Parisius
508 977 596 1000 predicte,
614 978 667 994 Petro
685 977 752 994 bedelli
769 977 806 999 (sic)
823 977 903 994 nationis
918 977 1018 998 Gallicane,
1034 977 1101 994 Peri-oto

178 1011 269 1034 Symonis‚
280 1011 376 1035 Aymerico
389 1010 459 1032 Olhuti„
472 1014 491 1027 et
502 1010 586 1034 pluribus
599 1010 640 1027 aliis
652 1010 730 1027 testibus
740 1011 763 1027 ad
773 1011 861 1034 premissa
874 1011 943 1028 voeatis
955 1014 973 1027 et
984 1010 1057 1033 rogatis.
1069 1011 1103 1032 Qua

178 1044 225 1061 lecta
239 1044 368 1067 appellatione,
383 1044 435 1067 petiit
449 1044 490 1067 ipse
504 1044 589 1060 dominus
604 1044 712 1065 Odemarus,
727 1044 742 1060 si
756 1044 787 1067 qui
801 1047 852 1061 erant
866 1044 888 1060 de
902 1044 949 1061 dicta
964 1044 1103 1067 congregatione¹

179 1077 210 1100 qui
226 1077 295 1094 vellent
311 1077 400 1094 adherere
415 1077 540 1100 provocationi
557 1080 575 1094 et
591 1075 708 1100 appellationi
726 1077 821 1100 predictis,
838 1077 918 1094 facerent
935 1083 954 1094 se
971 1077 1026 1094 scribi
1042 1077 1104 1094 notario

178 1110 253 1133 publico
267 1110 315 1127 infra
325 1111 401 1133 scripto,
411 1116 471 1127 coram
485 1116 521 1133 quo
535 1110 645 1133 appellatum
658 1113 676 1127 et
689 1114 806 1133 provocatum
821 1110 911 1131 extiterat,
924 1113 944 1127 ut
954 1110 1021 1127 dietum
1031 1114 1062 1127 est.
1075 1110 1105 1132 Qui

178 1143 225 1160 iufra
238 1143 301 1166 scripti
314 1143 420 1160 nominatim
434 1143 546 1160 adheserunt
558 1143 720 1166 provocationibus
732 1147 750 1160 et
762 1143 915 1167 appellationibus
929 1149 983 1167 supra
996 1144 1055 1164 dictis,
1065 1143 1106 1161 vide-

179 1177 222 1194 licet
236 1177 266 1194 die
284 1177 360 1199 septima
377 1177 446 1193 mensis
464 1177 513 1198 Maii,
528 1176 617 1199 imprimis
632 1176 718 1193 dominus
731 1177 825 1194 Amedeus
839 1177 862 1194 de
877 1177 952 1194 Gebena
965 1180 982 1194 et
994 1177 1033 1200 ejus
1045 1177 1105 1198 socius,

179 1210 265 1227 dominus
276 1209 382 1232 Balduynus
391 1209 451 1231 Alani,
462 1210 548 1226 dominus
562 1209 655 1226 ,lohannes
664 1210 687 1227 ‹le
697 1210 771 1226 Limoso
781 1213 799 1226 et
809 1210 849 1233 ejus
860 1210 912 1231 socii,
927 1210 1012 1227 dominus
1024 1210 1107 1227 Johannes

180 1243 203 1260 de
221 1243 339 1260 Grandisono
355 1246 373 1260 et
388 1243 429 1265 ejus
447 1242 509 1264 frater,
523 1243 609 1259 dominus
621 1242 714 1260 lohannes
730 1243 753 1260 de
773 1243 892 1260 Far-comente
910 1243 950 1266 ejus
964 1243 1015 1265 socii„
1031 1243 1108 1260 dominus

179 1276 273 1294 Johannes
289 1275 414 1297 Desmoulins,
432 1275 525 1293 Iohannes
540 1276 562 1293 de
576 1276 631 1293 Molis
646 1279 664 1293 et
678 1276 733 1293 frater
742 1282 794 1297 suus,
812 1276 905 1294 Johannes
922 1276 944 1294 de
962 1277 1060 1300 Seroponte
1073 1283 1108 1294 cum

174 1310 235 1332 ,Petro
250 1309 308 1330 socio,
326 1309 412 1326 dominus
427 1310 481 1332 Hugo
498 1309 590 1332 Dalphini,
608 1309 694 1327 dominus
708 1310 808 1327 Renaudus
822 1310 845 1327 de
860 1310 948 1331 Messeto,
965 1310 1049 1328 dominus
1067 1311 1109 1328 Ode<

243 1338 263 1351 21.
