1273 1538
175 57 208 73 266
464 61 622 74 cnxnrunaniuu
638 62 733 73 umvsns.
751 61 815 73 111115.
1047 55 1090 73 11322

176 111 231 132 815,
241 117 320 135 Responsio
327 116 403 134 facultatis
411 116 491 130 ηιραιςίιιιιε
498 116 518 129 aa
525 119 609 134 argumenta
616 116 678 130 'acutae
686 116 742 134 Felicio,
751 118 765 129 n
775 116 845 129 instantia
855 115 918 134 ejusdem
928 120 954 134 pro
965 115 1037 129 obtinendo
1043 115 1092 133 jwazeio

221 141 290 154 adversm
297 145 334 154 eam.

744 160 784 175 1³22,
791 159 863 173 numm,
868 160 881 174 2
888 159 950 177 [rursm
949 159 963 177 J.

222 197 289 214 Contra
306 197 396 213 donuinam
413 196 497 213 Jacolmm
514 196 580 213 Felicie
597 200 614 213 et
630 197 671 218 ejus
688 196 767 213 rationes
784 196 905 219 peremptorie
924 196 1024 218 propositas
1039 199 1093 212 contra

179 229 266 246 decanum
277 233 294 246 et
304 230 402 252 magistros
415 229 505 246 facultatis
520 229 608 245 medicine
622 228 703 245 Parisius
718 232 811 251 regentes,
821 228 933 251 respondent
945 228 988 245 dicti
998 228 1070 245 decanus
1079 231 1095 245 et

179 262 260 285 magistri
273 262 321 285 quod
334 262 370 279 hiis
380 267 416 278 non
427 261 541 278 obstantibus
550 267 583 279 vos
593 261 663 278 debetis
674 261 784 278 concludere
794 261 918 284 proponendis
928 265 945 278 et
955 262 1049 284 propositis
1057 261 1093 278 ltine

179 298 195 312 et
206 295 249 311 inde
259 295 277 311 in
292 300 345 311 causa
360 298 408 311 mota
421 300 481 311 coram
495 294 548 311 vobis
562 295 609 311 inter
622 294 679 311 dictas
694 297 754 317 partes
767 297 785 311 et
798 294 897 317 procedere
907 294 983 311 ulterius
995 294 1017 311 ad
1025 297 1093 311 vestram

179 327 291 344 diffinitivam
305 327 413 344 sententiam
429 327 562 349 proferendam,
577 333 609 344 vos
624 327 711 350 magister
724 327 817 344 Johannes
831 327 853 344 ‹le
867 326 914 344 Villa
931 327 1017 344 Parisiaca
1032 327 1094 344 auditor

179 360 228 376 curie
243 360 358 381 Parisiensis,
373 359 510 376 commissarius
526 360 577 376 datus
592 365 601 376 a
616 359 716 376 venerabili
731 359 769 376 viro
783 359 855 376 officiali
868 359 917 376 curie
927 360 1032 377 Parisiensis
1041 358 1094 377 contr-'t

180 392 298 415 practicantes
308 392 326 409 in
337 396 374 409 arte
387 392 477 409 medicine
489 392 552 409 illicite
560 392 639 409 Parisius
651 395 669 409 et
680 392 698 408 in
708 392 802 409 suburbiis
815 392 904 414 ejusdcm,
913 392 1012 415 dictamque
1021 392 1094 409 Jacobam

180 425 197 442 in
208 425 293 448 expensis
307 425 396 442 dictorum
410 425 474 442 decani
484 428 502 442 et
511 425 638 448 maff'strorum
652 424 740 448 legitimis
750 425 885 447 condempnare
896 425 964 442 ratione
972 425 1051 442 retardati
1060 431 1095 448 pro-

179 464 249 475 cessus.

223 492 260 508 Nec
271 491 331 508 obstat
344 491 400 514 prima
413 491 458 507 ratio
471 491 490 507 111
501 496 534 513 qua
548 491 592 513 petit
604 490 639 507 sibi
650 491 704 507 fidem
712 491 752 508 fieri
762 491 784 507 de
792 491 920 513 jurisdictione
928 494 986 507 vestra
996 494 1014 507 et
1022 491 1095 508 commis-

181 524 232 541 sione
242 524 294 541 vobis
307 524 358 545 faeta⁷
374 530 415 541 cuin
425 524 459 540 ista
473 524 496 540 sit
507 523 589 540 dilatoria
602 529 636 540 nec
646 524 733 546 impediat
745 524 843 546 quominus
856 524 932 541 ultetu'us
942 524 1051 546 procedatur,
1060 524 1096 541 licet

181 557 216 574 sibi
229 557 273 574 sacta
287 557 342 574 suerit
354 557 400 574 fides
412 557 455 573 alias
468 563 529 573 coram
541 557 593 573 vobis
607 560 624 574 et
636 557 677 573 data
689 557 747 580 copia,
760 562 837 579 eamque
850 557 887 573 sint
899 557 955 580 parati
967 557 1036 574 exibere
1044 563 1095 574 coram

181 590 233 607 vobis
248 593 265 606 et
282 590 337 607 fidem
355 590 414 606 facere
432 589 454 606 de
470 590 554 606 mandato
572 590 691 612 procuratorii
708 590 797 606 dictorum
813 590 876 606 decani
890 594 907 606 et
920 590 1049 612 magistrorum,
1062 590 1096 607 Non

182 622 241 640 obstat
257 623 290 640 alia
306 623 351 639 ratio
365 628 418 645 quam
433 622 519 645 proponit
529 629 537 638 u
546 623 594 645 quod
609 622 624 639 si
639 628 718 645 unquam
736 626 829 643 statutum,
841 622 940 643 decretum,
952 623 1024 639 monitio
1033 626 1050 639 et
1056 623 1096 639 inhi-

181 655 226 673 bitio
236 659 254 672 et
264 655 425 673 excommunicatio
438 655 505 678 quibus
520 655 563 672 dicti
575 655 654 672 decanus
668 659 686 672 et
697 655 779 678 magistri
825 655 870 672 saeta
882 659 900 672 et
913 656 958 672 facte
968 656 1032 672 suerint
1039 662 1054 677 1³,
1062 658 1096 677 eto,

182 692 218 705 turn
235 689 276 711 quia
294 694 356 705 verum
370 692 398 705 est
411 688 471 711 [quod]
488 688 555 705 dictum
570 692 655 705 statutum
672 694 704 705 seu
721 689 814 706 decretum
832 692 849 705 et
866 688 995 711 subsequentia
1008 689 1048 706 inde
1059 689 1096 706 facta

180 722 249 738 fuerint
260 722 282 738 de
293 722 335 744 jure
349 725 367 738 et
379 721 452 738 decreta
464 725 527 738 eontra
537 721 642 744 ignorantes
653 725 710 738 artem
722 721 813 738 medicine
825 724 844 738 et
855 722 973 744 practicantes
986 722 1045 738 illicite
1056 722 1097 738 Pari-

181 755 220 772 sius
233 758 251 772 et
263 755 281 772 in
295 754 389 772 suburbiis
403 755 486 777 ejusdem
499 758 518 772 et
530 761 539 772 a
552 755 644 778 sexaginta
657 755 710 772 annis
722 759 740 772 et
752 755 830 778 amplius
843 754 940 778 approbata
953 761 984 778 per
996 755 1097 772 venerabiles

181 788 230 805 viros
245 788 330 805 officiales
344 787 394 805 curie
407 788 517 805 Parisieusis
532 791 549 805 et
563 788 698 805 illustrissimos
713 788 788 805 Francie
801 794 862 811 reges,
877 788 908 811 qui
922 794 955 811 pro
969 788 1015 805 dicto
1027 791 1096 811 tempore

180 821 247 838 suerint
264 824 282 838 et
298 820 422 844 regnaverint,
438 821 491 844 cujus
507 821 549 844 jura
566 821 647 838 officialis
664 821 773 838 Parisiensis
793 824 811 838 et
827 821 927 838 secundum
941 821 982 843 jura
998 824 1096 844 exequturus

180 854 214 871 suit
226 858 244 871 et
259 858 286 871 est
301 858 363 871 contra
378 854 498 877 practicantes
512 854 604 877 predictos
618 860 655 871 non
670 854 786 877 approbatos„
802 854 849 871 sicut
864 858 925 871 contra
940 854 990 871 istam
1006 860 1056 875 ream,
1069 860 1098 877 que

181 887 259 904 totaliter
276 891 304 904 est
321 887 383 910 ignara
400 887 444 904 artis
463 887 552 904 medicine
569 890 587 904 et
603 893 640 904 non
656 887 740 908 litterata=
758 893 791 904 nec
806 887 903 910 approbata
921 893 953 909 per
969 893 1009 909 eos,
1024 887 1045 904 ad
1059 893 1098 910 quos

180 924 255 943 spectat
271 926 304 937 nec
319 920 364 937 sciat
379 926 442 937 causas
457 926 490 937 seu
505 920 584 937 rationes
599 920 676 937 reddere
691 920 739 937 dicte
754 921 804 941 artis,
820 924 856 937 tum
872 920 913 943 quia
927 920 1033 942 prohibitum
1047 924 1072 937 est
1081 920 1097 936 in

178 954 220 985 jure
231 959 253 970 ne
263 953 329 970 mulier
343 953 402 976 possit
415 959 456 970 esse
471 953 575 970 advocamx
586 956 604 970 et
616 953 668 970 testis
681 953 701 970 111
713 959 767 970 causa
781 953 878 974 criminati,
889 956 906 970 et
882 946 965 976 *quod
979 953 1032 970 multo
1043 953 1098 970 fortius

181 990 240 1009 potest
253 986 288 1003 sibi
299 986 371 1009 dejure
384 986 470 1007 inhiberi,
481 992 503 1003 ne
514 986 599 1009 practicet
611 978 671 1003 dando
681 979 759 1003 11111111115
768 979 902 1009 in‘trn‘corpora
915 991 976 1003 eorum
987 990 1043 1008 potus,
1055 985 1098 1003 cibos

180 1023 198 1036 et
207 1019 304 1040 clisteria‘⁷
315 1025 356 1036 rum
366 1019 434 1036 nullam
448 1025 520 1036 eausam
534 1019 643 1036 infirmitatis
653 1019 767 1036 infirmorum
781 1025 814 1042 per
827 1019 904 1036 1111011111
917 1019 945 1036 vel
955 1022 1009 1036 artem
1021 1019 1098 1036 medicine

181 1055 289 1075 cognoscat,
306 1058 347 1069 cum
365 1051 421 1069 multo
437 1052 503 1069 fortius
520 1052 543 1069 sit
560 1052 683 1074 periculosum
703 1052 787 1069 occidere
807 1052 899 1069 hominem
916 1058 948 1074 per
964 1052 1007 1069 tales
1023 1055 1070 1075 potus
1084 1055 1098 1069 et

182 1085 269 1106 clisteria,
283 1091 337 1108 quam
351 1090 415 1102 causas
430 1085 494 1102 civiles
508 1085 585 1107 perdere
598 1091 630 1108 per
645 1085 766 1108 ignorantiam
780 1088 799 1102 et
811 1085 924 1102 inscientiam
941 1085 1066 1102 advocatorum,
1081 1086 1099 1102 Et

182 1120 236 1139 [cum]
250 1118 305 1135 realis
320 1118 388 1135 occisio
403 1117 427 1134 sit
441 1120 534 1140 peccatum
549 1117 631 1138 mortale,
646 1119 699 1140 cujus
715 1118 797 1141 cognitio
814 1122 883 1141 spectat
897 1118 919 1135 ad
933 1118 1025 1135 ecclesiam
1041 1118 1099 1135 ratione

183 1151 259 1174 peccati,
270 1154 288 1167 et
297 1150 339 1167 ideo
349 1151 449 1171 decretum,
462 1150 546 1172 monitio,
556 1151 717 1167 excommunicatio
728 1151 772 1168 dicti
780 1151 862 1168 officialis
872 1151 933 1174 legant
942 1155 960 1168 et
969 1154 1043 1173 possunt
1049 1151 1100 1174 legare

184 1183 260 1201 eandem
273 1189 330 1205 ream,
343 1189 384 1200 cum
398 1183 421 1200 de
432 1184 481 1206 jure,
492 1186 586 1206 antequAm
600 1184 639 1206 ipsa
653 1183 743 1206 potuisset
756 1184 865 1206 practicasse
878 1184 897 1201 in
906 1184 953 1201 dicta
965 1187 1002 1201 arte
1011 1184 1055 1201 sicut
1066 1184 1101 1201 fecit

185 1220 202 1234 et
213 1216 324 1239 prohibitum
337 1220 365 1234 est
377 1219 439 1233 eontra
452 1222 498 1237 eam,
509 1222 529 1233 se
541 1216 636 1233 debuisset
647 1216 737 1234 obtulisse
750 1216 814 1239 peritis
823 1217 842 1233 in
853 1217 900 1234 dieta
909 1220 946 1234 arte
956 1220 973 1234 et
983 1217 1003 1234 ad
1013 1217 1044 1234 hoc
1054 1217 1101 1240 depu-

186 1250 227 1267 tatis
237 1250 258 1267 ad
269 1250 380 1267 audiendum
390 1253 408 1266 et
417 1249 516 1267 videndum
526 1249 584 1272 ipsius
594 1249 723 1272 experientiam
735 1249 858 1272 approbatam.
871 1250 937 1272 Quare,
947 1253 978 1267 etc.

230 1284 270 1300 Non
281 1283 341 1300 obstat
353 1283 386 1300 alia
400 1283 445 1300 ratio
458 1283 508 1306 quod
520 1283 592 1306 quidam
605 1287 711 1300 exercentes
721 1283 752 1306 qui
763 1283 818 1300 modo
831 1284 897 1300 mortui
908 1287 950 1300 sunt
959 1287 989 1300 aut
997 1283 1040 1300 adeo
1049 1284 1102 1301 decre-

187 1317 226 1340 piti,
239 1319 279 1338 erc.³
290 1323 331 1333 cum
342 1317 463 1339 responsione
476 1323 512 1334 non
529 1316 610 1339 indigeat
626 1320 692 1333 attenta
707 1316 825 1339 replicatione
842 1317 922 1339 proxime
937 1322 990 1339 supra
1002 1317 1063 1339 posita;
1074 1323 1102 1334 nec

249 1346 264 1357 34
