1273 1538
188 60 229 79 1329]
373 64 396 75 ΑΒ
413 63 465 75 ,tuno
483 62 598 74 nchxxxvi
616 63 681 78 usquc
699 63 722 74 AD
739 63 808 75 Annum
825 64 895 75 mecei..
1065 57 1098 75 329

187 103 264 126 perticere
273 105 324 119 totam
335 101 416 124 logicam.
428 99 525 117 Studentes
536 105 578 117 vero
591 100 622 123 qui
635 105 667 123 per
677 100 788 123 provinciam
800 100 824 117 ibi
838 100 916 117 ordinati
928 100 1001 121 suerint,
1014 100 1098 117 studeant

186 136 244 153 ibidem
254 141 285 159 per
293 135 388 152 triennium
398 137 416 151 et
424 137 465 157 post
472 133 569 151 triennium
580 134 652 156 possint
661 133 707 150 mitti
717 134 739 150 ad
749 134 808 151 studia
818 133 917 157 generalia„
924 134 943 151 Si
952 140 995 151 vero
1005 134 1029 151 sit
1038 134 1097 156 aliqua

186 169 268 192 provincia
277 169 295 185 in
304 174 338 191 qua
348 174 383 185 non
394 168 430 184 sint
439 167 475 184 duo
486 167 524 184 loca
535 173 570 189 que
580 167 602 184 ad
615 167 669 190 hujus
679 167 738 184 studia
749 167 785 184 sint
794 171 841 190 apta,
851 167 913 184 saltem
924 167 1018 184 ordinetur
1030 167 1096 184 ibidem

186 208 226 222 nnus
239 202 287 219 locus
301 201 330 219 ubi
344 201 381 218 sint
393 201 428 218 duo
441 200 526 222 lectores,
541 206 617 223 quorum
631 206 678 217 unus
692 206 724 223 per
738 201 835 218 triennium
845 200 894 224 leget
906 200 1044 224 philosophiam,
1053 200 1097 218 alter

185 236 252 259 logicam
268 241 288 252 eo
304 235 356 252 modo
372 240 407 258 quo
423 234 508 258 superius
523 234 590 251 dictum
607 238 640 252 est,
654 234 744 251 Volumus
758 234 892 252 nichilomimus
907 236 937 256 [ut]
951 235 970 251 in
982 234 1018 251 hiis
1032 234 1098 252 studiis

184 269 311 293 particularibus
320 269 393 286 assidue
404 268 464 291 legant
477 274 509 291 per
522 271 578 286 totum
591 274 665 289 annum,
679 268 725 285 sicut
740 268 807 285 faciunt
817 268 895 286 lectores
905 269 1006 286 studiorum
1020 274 1097 291 genera-

185 303 227 320 lium.
238 303 258 319 Et
269 302 283 319 si
293 308 324 325 per
336 305 392 319 totum
405 308 471 318 annum
485 308 521 319 non
535 302 633 325 contigerit
642 302 720 319 lectores
733 302 845 322 continuare,
859 302 899 325 ipso
910 302 955 320 sacto
969 303 1006 320 sint
1015 309 1024 319 a
1037 302 1098 326 provi-

185 336 229 353 sione
238 335 306 353 annuali
315 342 347 353 sua
357 335 427 359 privati.
437 336 459 352 Et
471 335 487 352 si
497 341 539 352 casu
553 335 614 358 aliquo
627 335 728 358 emergenti
743 335 821 352 lectores
834 335 886 353 ambo
900 336 999 353 deficerent
1011 336 1040 353 vel
1054 336 1099 353 alter

184 370 262 392 ipsorum,
271 369 352 386 volumus
363 369 411 392 quod
421 369 461 386 loco
472 369 574 386 deficientis
584 373 661 392 ponatur
672 369 716 386 alter
726 369 783 386 lector
793 375 826 392 per
835 369 914 392 priorem
925 370 1052 392 provincialem
1067 370 1097 392 qui

184 402 249 425 incipiat
257 402 316 425 legere
325 402 356 419 uhi
365 402 410 419 alter
420 402 497 423 diniisit;
506 406 524 419 et
531 403 557 419 sic
566 408 623 425 usque
631 403 653 419 ad
661 402 814 426 complementum
823 402 895 419 triennii
903 403 997 420 continuet
1004 403 1098 420 lectiones.

184 436 204 452 Et
213 435 226 452 si
239 436 277 458 quis
289 436 311 452 de
323 435 439 458 hujus[m0di]
452 435 552 453 lectoribus
565 436 584 452 in
597 436 737 458 particularibus
752 435 825 456 studiis,
840 439 933 458 postquam
949 436 974 452 ibi
989 436 1054 458 legerit
1067 442 1099 459 per

184 468 277 490 triennium,
288 472 413 491 promoveatur
423 468 445 485 a'd
455 469 553 492 legendum
564 469 582 485 in
592 469 653 491 aliquo
661 469 722 486 studio
733 468 814 492 generali
825 472 843 485 et
852 472 946 491 postquam
957 469 1024 486 ibidem
1035 469 1099 492 legerit

184 508 211 525 per
220 502 317 523 triennium,
327 502 411 519 volumus
421 502 470 525 quod
481 508 502 519 ex
512 508 566 524 nunc7
578 505 674 525 postquam
684 502 781 519 triennium
793 502 896 525 impleverit
905 502 923 518 in
937 502 997 519 studio
1011 503 1098 525 generali,

183 535 239 559 lrabeat
247 538 331 558 perpetuo
339 541 401 552 vocem
409 535 428 552 in
435 535 525 552 electione
533 536 613 558 priorum
621 535 766 558 provincialium,
775 535 823 552 sicut
830 535 896 552 habent
904 535 1012 552 diffinitores
1021 535 1100 558 Capituli

184 569 270 592 generalis.
281 569 298 585 Si
308 572 365 585 autem
376 568 484 586 diffinitores
494 568 619 591 Capituloruni
630 568 767 591 provincialium
776 568 810 585 hoc
818 574 894 591 presens
905 568 1006 585 mandatum
1018 572 1098 586 nostrum

183 601 287 625 neglexerint
301 602 338 619 sive
355 602 499 624 contempserint
512 601 618 625 adimplere.
633 602 685 624 ipsos
698 608 743 619 voce
758 602 850 624 privamus
864 607 960 624 quousque
974 607 1006 624 per
1020 601 1099 624 priorem

182 635 275 658 generalem
287 641 326 652 cum
340 635 367 652 eis
377 635 432 652 suerit
445 635 577 658 dispensatum.
593 635 683 652 Volumus
697 635 773 658 insuper
787 638 806 652 et
820 635 925 652 mandamus
940 634 989 657 quod
999 634 1015 652 si
1026 635 1067 657 quis
1081 635 1099 651 in

182 667 240 684 talibus
249 667 311 684 studiis
321 667 375 684 suerit
384 667 448 688 lector,
459 673 495 684 non
506 667 564 690 possit
574 670 618 684 tunc
627 667 695 684 ibidem
706 667 769 690 prefici
779 667 798 684 in
808 667 894 690 priorem.

219 701 267 722 item,
277 701 356 724 presenn'
366 700 474 717 diffinitione
487 700 598 723 precipimus
613 700 661 723 quod
675 700 736 717 nnllus
749 700 804 717 frater
818 701 876 718 nostri
887 700 961 717 Ordinis
974 703 1101 723 promoveatur

183 734 201 751 ad
210 734 281 751 officium
292 734 365 751 lectorie
375 734 410 751 nisi
425 734 449 750 sit
461 733 573 750 sufficienter
585 734 686 750 instructus
697 734 715 750 in
728 734 798 756 logyca,
811 733 926 757 philosophia
937 737 955 750 et
966 733 1064 756 theologia=
1077 733 1100 750 ita

182 768 223 791 quod
232 767 249 784 in
259 767 336 791 qualibet
345 767 465 791 predictarum
477 767 580 784 facultatum
591 767 650 790 possit
659 766 705 784 alios
716 767 824 784 instruendo
835 767 899 784 Ordini
909 766 997 784 famulari.

221 817 250 829 Cndl
257 817 303 830 de.
309 817 329 832 M,
337 817 359 829 101,
367 817 393 828 184.
400 823 416 826 —
423 816 450 828 Bae
457 816 539 828 definitiones
547 815 575 827 tine
580 815 644 831 temporis
651 817 682 827 nott
690 817 763 832 nequuntur
769 816 849 828 decisionem
855 816 913 832 Capituli
919 816 984 832 generum
992 820 1033 832 supi-n
1040 816 1084 832 piniti.

181 913 228 932 894.
241 917 312 931 Ordinatio
325 917 388 936 Capituli
398 917 471 935 generans
484 917 517 931 οηιΔ
529 916 582 930 masa.
595 916 622 929 suh
634 916 705 929 Bam-aha
717 917 803 931 Venenum*
813 917 831 931 de
843 917 908 931 doctrina
921 918 934 931 s.
948 917 1009 931 rhomae
1020 917 1099 935 sequenda*

218 942 321 960 Assignaainnes
329 941 450 955 nummorum.

755 964 793 980 1328,
800 964 841 978 maio
848 964 889 979 dunin,
897 964 958 978 smartcr:

218 1002 259 1019 Cum
270 1002 349 1019 doctrina
357 1002 414 1019 sancti
422 1001 492 1019 Thome
500 1002 532 1019 toti
540 1003 609 1020 mundo
618 1003 642 1020 sit
649 1002 699 1020 utilis
708 1005 726 1019 et
733 1002 798 1019 Ordini
806 1002 925 1023 honorabilis,
933 1002 1018 1019 volumus
1026 1005 1044 1019 et
1051 1002 1100 1019 ordi-

180 1041 234 1052 namus
248 1036 295 1059 quod
310 1041 372 1053 omnes
389 1035 485 1052 studentes
499 1035 592 1059 theologie
610 1036 628 1053 in
645 1036 692 1053 dicta
707 1036 789 1053 doctrina
803 1035 887 1052 studeant
900 1035 1006 1059 diligenter:
1022 1036 1100 1053 lectores
1115 1054 1117 1063 ἰ

179 1072 229 1086 aulem
240 1072 257 1086 et
265 1075 348 1086 cursores
358 1069 415 1092 ipsam
426 1069 527 1086 doctrinam
541 1069 558 1086 in
572 1070 611 1086 suis
621 1069 732 1087 lectionibus
746 1072 764 1086 et
775 1069 930 1092 disputationibus
942 1073 1053 1092 pertractent
1064 1070 1101 1086 sin-
1116 1067 1118 1091 ἶ

179 1102 256 1125 gulariter
271 1106 288 1119 et
301 1102 398 1123 declarent,
413 1105 431 1119 et
444 1102 574 1120 conclusiones
588 1103 670 1126 ejusdem
685 1102 767 1120 doctoris
781 1102 860 1120 finaliter
873 1106 951 1120 teneant.
967 1104 990 1120 Et
1005 1103 1021 1120 si
1038 1107 1099 1120 contra
1118 1104 1119 1124 Ξ

179 1135 229 1159 ipsius
238 1136 333 1153 doctrinam
344 1136 423 1153 rationes
433 1136 530 1156 adducant,
541 1136 582 1153 illas
592 1136 664 1154 solvere
675 1140 776 1156 teneantur.
790 1140 808 1153 et
818 1140 903 1159 quantum
914 1140 999 1160 poterunt
1010 1136 1049 1153 illas
1062 1140 1099 1153 stu-

179 1169 225 1186 deant
236 1169 328 1187 efficaciter
338 1169 439 1187 annullare,
452 1170 562 1192 Quicunque
574 1168 634 1187 autem
645 1170 730 1187 inventus
744 1170 799 1187 suerit
810 1168 920 1187 ‘contrarium
933 1173 1056 1193 attemptasse,
1067 1176 1099 1193 per

179 1203 241 1225 priores
252 1203 370 1226 provinciales
383 1203 412 1220 vel
427 1203 527 1220 eorundem
541 1203 620 1220 vicarios
629 1203 724 1226 priventur
735 1203 794 1220 officio
804 1203 886 1220 lectorie.

175 1258 178 1261 ,
215 1236 263 1257 Item,
273 1236 354 1254 volumus
365 1240 383 1253 et
392 1237 498 1253 ordinamus
511 1237 560 1259 quod
573 1237 589 1254 si
600 1237 666 1259 aliquis
680 1243 712 1260 per
725 1237 794 1254 litteras
809 1237 891 1260 magistri
903 1237 978 1254 Ordinis
990 1237 1098 1260 cuicumque

178 1270 231 1287 studio
244 1270 321 1293 generali
339 1270 394 1288 suerit
408 1270 520 1294 assignatus„
535 1270 571 1287 nisi
585 1270 631 1288 infra
645 1276 712 1288 annum
731 1276 740 1288 a
753 1271 858 1294 receptione
871 1270 971 1288 litterarum
986 1276 1030 1288 usus
1045 1270 1098 1288 suerit

178 1303 227 1326 gratia
237 1303 270 1320 sibi
279 1304 322 1321 sacta
332 1304 365 1321 iter
375 1304 397 1321 ad
405 1304 486 1321 studium
495 1310 548 1322 suum
556 1304 670 1327 arripiendo,
679 1304 719 1327 ipso
728 1304 774 1321 sacto
782 1304 806 1322 sit
816 1304 897 1328 privatus
906 1304 963 1328 gratia
974 1305 1097 1327 supradicta...

178 1337 259 1359 Rogamus
268 1340 325 1354 nutem
336 1337 441 1360 magistrum
452 1338 534 1359 Ordinis¹
550 1338 599 1360 quod
612 1341 707 1361 postquam
721 1338 816 1355 studentes
829 1338 926 1355 terminum
938 1344 991 1355 suum
1004 1338 1022 1354 in
1037 1338 1097 1356 studio

231 1367 245 1376 *⁸
253 1365 298 1378 cmm.
308 1366 347 1379 Unin
356 1367 404 1379 Paris.
413 1367 429 1381 11,
439 1367 450 1379 ι.
1011 1367 1036 1379 ,Δια
