1273 1538
171 38 193 54 88
457 42 616 54 cnanwurmu
634 42 727 54 utuvims⁴
746 43 810 55 nnis,
1048 36 1097 55 moa

173 82 245 102 paratus
263 85 322 96 esseni
340 79 435 96 temerat-ie
453 79 501 95 dicta
517 79 570 96 niodo
588 78 689 96 rationabili
708 83 814 102 temperare„
833 78 969 96 considerabam
985 78 1040 101 quod,
1057 79 1098 96 licet

174 112 262 129 instanter
274 115 353 135 peterem
366 111 446 129 rationes
458 112 477 128 in
490 112 561 134 scriptis
574 111 640 135 quibus
653 112 771 134 impugnandi
784 111 866 135 quolibet
876 112 929 129 modo
941 111 1048 128 videbantur
1059 117 1098 134 pre-

174 145 216 162 dicti
229 145 306 166 articuli,
320 148 339 162 ut
351 150 408 162 meam
421 144 549 162 conscientiam
562 145 677 161 informarem
688 148 706 161 et
718 144 816 162 solidarem
828 151 862 162 nec
874 145 969 167 quicquain
981 144 1063 165 facerem,
1078 150 1097 161 ea

174 177 271 195 fluctuante
284 178 312 195 vel
326 180 455 199 murmurante,
471 177 555 194 noluistis
570 177 623 194 michi
638 178 745 198 concedere,
759 183 799 194 cum
815 181 873 195 tamen
887 177 940 195 vobis
955 177 1045 194 incumbat
1056 183 1097 194 con-

174 210 259 227 scientias
270 210 364 227 hominum
376 210 455 227 solidare
466 216 485 226 ac
496 216 602 232 preservare
613 216 622 227 a
633 210 685 232 lapsu
697 210 725 227 vel
737 210 794 227 ruina.
808 211 881 231 lterum,
895 210 1010 232 presentibus
1022 213 1039 226 et
1050 215 1096 227 coas-

173 243 281 260 sistentibus
294 243 337 260 inihi
350 243 423 260 domiuo
436 242 533 264 Alinarico‚
546 242 650 260 vicecomite
663 243 783 264 Narbonensi,
799 246 817 260 et
830 243 904 260 domino
919 243 953 260 G.¹
969 243 991 260 de
1003 243 1096 266 Nogarew,

173 276 230 293 milite
245 276 314 293 domini
329 276 378 299 regis
393 275 474 296 Francie,
490 279 508 292 et
521 275 594 292 domino
608 275 687 298 Alphino
702 276 724 292 de
739 276 811 296 Narnia,
826 276 892 293 clerico
907 276 988 298 ejusdem
1003 275 1068 298 regis¹‚
1080 280 1097 293 et

173 309 260 332 magistro
272 309 354 326 Gerardo
364 309 387 325 de
399 309 447 325 Nova
455 308 509 329 Villa,
521 312 594 325 cantore
606 309 629 325 de
641 309 718 332 Tyarno,
731 312 749 326 et
760 309 847 332 magistro
858 309 878 326 C.
890 309 913 326 de
924 308 1002 329 Poilaco,
1013 309 1096 326 canonico

173 341 282 360 Vivariensi.
298 345 315 359 et
329 342 403 358 domino
418 342 496 364 Symone
511 341 533 358 de
547 342 624 365 Marcay,
641 342 698 358 milite
712 342 781 359 domini
796 342 852 365 regis,
867 342 961 358 audiebam
976 347 985 358 a
1000 342 1096 358 reverendo

173 377 223 397 patre
238 374 311 391 domino
326 374 463 397 archiepiscopo
478 374 602 391 Narbonensi¹
616 378 634 391 et
648 381 657 391 u
672 374 751 392 discreto
765 375 804 391 viro
819 374 945 391 archidiacono
958 374 1022 397 Algye,
1034 374 1097 397 quide

173 406 225 423 vobis
238 407 260 423 ad
273 412 301 423 me
314 407 394 424 vicissim
407 407 552 424 intercurrebant
564 410 582 424 et
593 407 693 424 reserentes
705 407 747 423 hinc
760 407 802 424 inde
816 407 908 430 proposita
921 410 939 423 et
951 410 1045 423 tractantes
1059 413 1097 424 con-

173 439 252 456 cordiam
268 443 285 456 et
300 440 397 457 offerentes
412 445 445 462 pro
460 446 488 456 me
503 440 551 462 quod
566 440 668 456 immediate
683 443 755 463 paratus
769 446 818 457 erain
833 440 867 456 iter
881 440 960 462 arripere
975 439 997 456 ad
1011 445 1097 456 summum

173 472 277 495 pontificem
288 476 305 489 et
313 473 383 495 judicio
393 473 433 495 ejus
444 476 498 493 stare,
509 472 557 495 qnod
568 478 608 492 vos,
619 473 694 492 domini,
704 472 832 489 ordinaveritis
842 478 870 489 nie
882 478 914 495 per
924 472 1029 495 episcopum
1039 478 1099 495 supra-

174 505 240 525 dictum
254 505 328 522 retineri
341 509 359 522 et
371 505 486 526 incarcerari,
499 505 514 522 si
526 509 586 522 vestre
598 505 696 522 voluissem
709 505 858 522 condescendere
870 505 964 522 voluntati.
979 505 1098 528 Percipiebam

173 538 249 561 insuper
263 538 286 554 ab
301 538 370 555 eisdem
385 538 434 561 quod
451 538 482 555 ille
500 538 633 561 magistrorum,
651 538 682 561 qui
699 538 784 555 vexillum
803 538 877 561 gerebat
891 538 1003 557 humilitatis,
1018 538 1099 555 videlicet

174 571 246 587 cordam
262 571 322 593 angeli
337 571 369 587 Dei
385 574 403 587 et
417 571 506 593 signaculi
521 571 553 587 Dei
569 570 669 591 salvatoris=
685 571 755 587 scilicet
769 570 816 587 beati
831 571 929 592 Fran-sisci,
944 571 966 587 ad
980 576 1008 587 nie
1021 571 1099 587 submer-

174 603 254 626 gendum
265 604 331 620 ceteris
341 603 400 620 acrius
411 603 498 624 seviebat,
509 603 557 626 quod
570 604 685 626 postmodum
698 603 827 620 nichilominus
840 604 963 626 experimento
975 603 1052 626 cogitavi
1061 609 1099 620 curn

175 640 192 653 et
203 636 241 659 ipse
252 636 343 659 Signanti*
353 640 372 653 et
381 636 454 659 quidam
464 636 494 653 alii
506 640 598 653 moventes
611 637 668 659 capita
681 637 774 653 irridendo
787 636 877 653 dixissent
889 636 978 653 obliviose
991 639 1008 653 et
1017 636 1100 660 callump-

174 669 227 686 niose
238 675 242 686 z
253 675 285 686 vos
296 669 364 686 sedetis
375 675 430 691 super
440 669 538 691 speculam,
549 675 582 686 vos
595 669 639 686 estis
652 669 749 692 propheta;
763 669 853 686 obliviose
867 670 947 692 quidemv
961 669 1002 692 quia
1014 670 1099 686 recordati

174 708 210 719 non
225 705 267 719 suut
282 702 330 725 quod
345 702 420 725 spiritus
434 702 465 718 ubi
480 702 518 719 vult
528 702 584 724 spirat
597 705 614 719 et
629 702 714 719 domiuus
724 708 761 718 non
775 701 838 724 abjicit
851 702 937 724 parvulos
951 702 983 719 sed
996 702 1100 725 sapienciam

174 738 243 758 prestat
253 735 289 756 eis;
300 735 432 758 callumpniose
442 740 492 756 vero,
506 735 547 758 quia
561 735 579 751 in
593 735 682 757 opusculo
696 740 736 752 meo
750 741 786 752 non
800 735 904 752 continetur
916 735 965 758 quod
978 741 1012 758 ego
1022 735 1100 752 sederem

174 768 203 785 vel
218 768 291 785 sedeam
309 774 363 791 super
380 767 472 791 speculam
490 767 522 785 sed
539 767 587 791 quod
602 768 726 792 speculatores
741 768 819 785 ecclesie
834 767 901 785 Christi
916 768 984 785 debent
998 769 1102 786 adversariis

175 800 331 824 interrogantibus
341 801 401 818 taliter
411 801 529 824 respondere.
540 801 585 818 Cum
599 801 684 818 omnibus
696 801 752 824 igitur
764 801 874 824 supradictis
886 801 1003 824 cognoverim
1016 801 1102 824 probabili

174 834 279 856 conjectura
289 834 337 857 quod
348 837 408 857 parata
418 834 473 850 michi
483 837 521 850 erat
531 834 611 851 retencio
622 834 720 856 capcionis.
733 840 792 851 coram
806 834 859 851 vobis
872 834 977 851 doctoribus
988 837 1004 851 et
1014 834 1102 857 magistris

174 867 248 890 collegii
259 866 386 890 theologorum
397 866 526 883 Parisiensium
537 870 554 883 et
564 867 634 883 cunctis
644 867 767 889 presentibus„
779 873 814 889 ego
825 867 911 890 magister
921 867 942 884 A⁴
954 867 1012 884 dictus
1025 867 1046 884 de
1058 867 1102 884 Villa

175 901 231 920 Nova,
244 899 334 916 habitator
347 899 516 922 Montispessulani,
530 905 570 916 cuin
584 900 664 922 presenti
678 900 745 923 scripto
759 904 850 923 protestor
861 903 878 917 et
888 901 1004 923 protestando
1015 900 1054 917 dico
1067 900 1103 917 sive

174 933 276 956 pronuncio
291 933 340 956 quod
355 933 442 956 quicquid
457 939 515 955 nuper
529 939 588 949 coram
602 933 675 949 domino
689 933 776 956 episcopo
790 933 834 953 dixi,
847 933 926 956 legendo
941 933 1023 950 cedulam
1036 933 1103 950 ordina-

173 966 232 983 cionis
247 969 308 983 vestre
322 972 375 989 quam
390 966 476 982 domiuus
491 966 610 983 cancellarius
627 966 689 988 posuit
705 966 722 982 in
740 966 824 983 manibus
839 966 884 983 ineis
899 966 969 983 instans
984 969 1003 983 ut
1019 966 1102 989 legerem=

173 999 222 1015 omni
237 999 326 1015 dilacione
340 999 448 1022 postposita=
463 1005 500 1015 non
514 998 551 1015 dixi
565 1005 599 1016 nec
612 999 731 1022 pronunciavi
745 998 824 1022 legendo
839 999 868 1015 vel
882 999 940 1019 aliter,
956 999 991 1016 nisi
1005 1005 1103 1016 concussus

173 1031 238 1048 timore
248 1032 351 1054 perniciose
365 1032 431 1048 doinus
444 1032 463 1048 in
476 1037 510 1054 qua
521 1032 605 1048 timebam
619 1032 727 1048 incarcerari
740 1035 815 1054 propter
827 1032 914 1054 predicta,
928 1035 944 1049 et
958 1032 1005 1053 ideo,
1016 1038 1056 1049 cuni
1065 1038 1103 1055 pro-

173 1070 237 1081 cessus
248 1070 280 1087 per
290 1070 323 1081 vos
336 1065 394 1081 sactus
407 1068 425 1081 et
439 1064 531 1081 dominum
546 1065 651 1087 episcopum
665 1064 789 1087 supradictum
804 1065 827 1081 sit
841 1064 881 1087 ipso
891 1065 933 1087 jure
945 1065 1008 1082 irritus
1021 1068 1037 1082 et
1047 1065 1103 1082 inanis

173 1103 193 1114 ac
208 1096 277 1118 nullus,
288 1103 329 1114 cum
343 1097 422 1114 caruerit
431 1097 556 1117 fundamento.
571 1104 604 1114 nec
618 1103 653 1120 ego
666 1098 777 1120 (j)uraverim
791 1097 869 1114 eundem
884 1104 963 1119 servare,
978 1104 1010 1121 pro
1023 1101 1071 1114 tanto
1084 1104 1104 1115 ex

173 1135 221 1146 nunc
235 1135 282 1152 opus
295 1135 355 1146 meum
369 1129 391 1146 de
401 1129 486 1146 Adventu
499 1130 606 1147 Antichristi
616 1131 709 1147 committo
719 1130 798 1147 examini
810 1134 828 1147 et
838 1130 908 1152 judicio
921 1130 1020 1153 apostolice
1030 1130 1078 1147 sedis
1088 1133 1105 1147 et

173 1168 201 1179 me
216 1162 275 1185 ipsum
289 1162 398 1185 protectioni
412 1162 459 1184 ejus,
473 1166 545 1185 paratus
559 1168 599 1179 cum
613 1162 703 1185 adjutorio
717 1162 785 1180 Christi
800 1163 912 1185 respondere
926 1163 994 1180 ibidem
1007 1163 1104 1180 rationibus

173 1201 325 1218 quorumcunque
340 1195 441 1212 volentium
456 1195 523 1212 dictum
539 1196 648 1218 opusculum
660 1196 775 1219 impugnare„
789 1199 807 1213 et
819 1201 938 1218 quoscunque
952 1196 1034 1213 volentes
1047 1196 1104 1213 invehi

173 1228 202 1245 vel
217 1228 317 1251 procedere
333 1228 390 1251 palam
405 1228 434 1245 vel
449 1228 522 1250 publice
537 1231 598 1245 contra
613 1228 679 1251 ipsum,
695 1229 821 1251 cujuscunque
839 1228 906 1251 gradus
923 1228 952 1245 vel
969 1228 1061 1251 dignitatis
1077 1232 1106 1246 aut

173 1264 231 1278 status
245 1261 319 1282 suerint,
337 1267 417 1284 provoco
432 1266 453 1277 ex
469 1267 516 1278 nunc
531 1261 553 1278 ad
568 1261 681 1284 presenciam
697 1265 714 1278 et
728 1261 841 1277 audienciam
857 1261 922 1277 summi
936 1261 1027 1284 pontificis
1039 1262 1057 1278 in
1071 1267 1105 1285 quo

174 1295 241 1312 fluenta
258 1294 375 1311 scientiarum
392 1295 456 1317 vigent
472 1298 490 1311 et
506 1294 580 1317 assigno
597 1295 623 1311 eis
640 1295 736 1311 terminum
754 1297 835 1317 quartam
850 1294 968 1311 ebdomadam
985 1298 1025 1317 post
1041 1295 1105 1312 Pascha
