1273 1538
180 61 225 80 1340]
373 67 397 77 ΑΒ
414 66 467 77 Anno
484 65 602 76 ncezxxxvi
619 64 686 79 usqum
703 64 728 75 Λι)
744 65 814 76 annun
829 64 900 77 accen.
1071 60 1104 77 499

220 104 293 120 Demum
311 108 354 120 vero
372 102 401 119 die
418 101 497 122 sabbati,
516 104 566 117 sexta
583 100 625 117 dicti
642 100 711 117 mensis
730 100 782 121 Maii,
799 101 816 117 in
835 101 882 117 sesto
899 100 946 116 beati
960 100 1047 117 Johannis
1062 104 1103 117 ante

179 139 243 159 portam
260 135 330 152 latinam
345 134 393 157 apud
408 134 474 150 fratres
490 133 571 150 Minores
590 133 671 149 Parisius
688 132 706 149 in
722 138 807 149 sermone
825 132 906 155 generali
922 132 964 149 dicti
981 132 1037 149 studii
1054 133 1103 150 Pari.

178 168 241 185 siensis
253 167 344 190 magistris
358 170 376 183 et
390 166 493 183 scolaribus
505 166 564 188 ipsius
578 165 633 182 studii
647 171 680 188 pro
695 165 786 182 audiendo
802 171 886 182 sermone
901 170 951 181 more
966 165 1021 182 solito
1034 165 1101 182 ibidem

178 200 288 223 congregatis
301 200 372 216 easdem
386 199 486 216 clemencie
496 202 557 216 vestre
572 198 641 215 litteras
655 198 678 214 de
690 198 747 214 verbo
760 198 782 215 ad
793 198 868 215 verbum
882 198 916 215 alta
926 203 970 215 voce
983 201 1001 214 et
1015 198 1103 221 intelligi·
1120 203 1123 206 ⁴

178 232 235 249 hiliter
247 232 264 248 in
279 232 362 248 cathedra
376 235 463 248 consueta
480 231 550 254 perlegi
564 231 599 247 feci
612 234 630 247 et
642 234 727 253 tanquam
739 230 847 248 obediencie
862 230 910 248 filius
924 234 978 253 prout
991 230 1101 253 diligencius

178 265 224 288 potui
238 264 332 287 publicavi,
345 265 447 281 mandatum
461 264 582 286 apostolicum
597 264 698 281 secundum
711 264 739 280 sui
752 264 826 281 sormam
839 264 952 286 exequendo.
964 264 1003 286 Que
1013 264 1101 287 premissa

178 301 234 314 vestre
243 297 340 314 sanctitatis
350 296 457 313 beatitudini
468 297 553 319 significo
564 302 596 319 per
606 300 708 319 presentes.

218 330 283 346 Verum
294 329 334 351 quia
344 329 362 346 in
372 329 441 346 eisdein
452 332 513 346 vestre
526 329 625 346 sanctitatis
636 329 702 346 litteris
714 329 847 350 continebatur„
859 329 979 347 dominacioni
990 333 1050 347 vestre
1061 329 1103 346 bea-

178 361 256 378 titudinis
265 361 360 378 deductum
371 362 453 379 extitisse
463 361 513 384 quod
523 367 558 384 ego
569 365 586 378 et
596 362 738 384 predecessores
749 362 784 379 mei
794 366 812 379 et
824 362 937 385 subdelegati
947 369 956 379 a
967 362 1020 379 nobis
1030 368 1103 379 eorum-

178 394 214 411 dem
234 393 369 416 privilegiorum
387 394 463 411 formam
486 394 610 416 multipliciter
631 394 740 411 excedentes
759 400 822 411 eorum
846 394 963 417 quamplures
982 394 1102 418 fatigabamus

177 426 253 443 indebite
269 426 361 443 laboribus
375 430 392 443 et
406 426 499 449 expensis,
513 427 601 449 ipsosque
616 431 679 444 contra
690 427 779 449 justitiam
791 427 926 450 gravabamus:
938 428 1027 444 sanctitati
1043 431 1103 444 vestre

178 458 324 475 reverendissime
334 459 426 481 significo,
437 459 487 481 quod
497 465 506 475 a
517 462 606 482 tempore,
617 465 653 482 quo
663 460 682 475 in
692 459 795 476 ministrum
807 460 854 476 dicte
863 463 924 476 vestre
934 460 1011 476 ecclesie
1022 460 1103 477 Silvane-

178 491 231 508 tensis
243 491 268 507 sui
282 490 356 512 electus,
371 497 462 514 nunquam
476 497 509 514 per
519 497 547 508 me
560 497 594 508 nec
604 497 637 514 per
649 491 704 508 alium
715 492 854 514 subdelegatnm
865 498 923 508 meum
937 492 991 509 dictis
1002 492 1103 515 privilegiis

178 529 219 540 usus
232 529 270 540 sum
283 529 316 539 nec
329 523 403 544 abusus,
417 524 519 544 citationes,
533 523 675 544 exhortationes,
688 528 718 541 aut
731 524 776 541 alias
789 524 858 541 litteras
872 524 993 547 compulsivas
1006 528 1036 541 aut
1045 525 1104 541 moni—

177 556 229 572 torias
241 555 341 578 aliqualiter
353 556 479 577 concedendo,r
490 556 532 579 quia
545 556 567 573 ab
579 556 611 573 illo
625 560 667 573 tunc
681 560 698 573 et
711 560 763 573 antea
776 557 837 573 clausa
851 557 908 573 extitit
922 562 954 579 per
966 556 1014 573 illam
1028 557 1104 573 Univer-

177 588 243 605 sitatern
252 591 270 605 et
279 588 336 605 adhuc
346 591 375 605 est
384 589 433 605 curia
444 589 590 605 conservationis
600 589 738 611 privilegiorum
750 589 879 612 predictorum.
891 590 912 606 Et
922 595 977 612 super
987 589 1022 606 hiis
1032 595 1102 605 necnon

177 621 215 643 quia
229 621 281 637 citius
295 620 362 637 dictum
377 621 477 638 sanctitatis
492 624 552 638 vestre
568 621 670 638 mandatnm
687 621 780 644 publicare
797 627 833 638 non
851 622 908 644 potui,
923 627 945 638 ex
961 627 983 638 eo
999 622 1039 644 quia
1055 621 1103 638 idern

178 656 232 670 rector
242 659 263 670 ex
273 653 326 670 certis
336 654 415 676 etjustis
423 654 484 670 causis
491 654 597 676 impeditus,
604 657 624 670 ut
632 654 709 674 dicebat,
719 654 786 671 dictum
796 654 875 671 studium
883 660 996 677 congregare
1006 657 1057 671 antea
1067 660 1104 671 non

177 685 235 706 valuit,
248 686 263 702 si
276 685 340 708 placet,
354 691 383 702 me
396 689 501 703 excusatura
515 686 582 703 habere
597 686 666 709 placeat
680 690 741 703 vestre
755 686 873 703 beatitudinis
886 686 984 703 clemencia
997 686 1103 707 reverenda,

177 724 225 741 quam
235 721 329 735 conservet
339 718 460 740 Omnipotens
471 718 493 735 ad
507 718 585 735 ecclesie
595 724 628 735 sue
638 722 701 735 sancte
714 719 796 741 regimen
806 722 824 735 et
833 719 920 735 honorem
931 724 963 741 per
974 722 1054 741 tempora
1065 718 1104 735 lon-

176 751 229 774 giora*
242 751 261 767 In
274 756 350 774 quorum
363 751 487 767 testimonium
501 754 597 774 presentes
611 750 682 768 litteras
696 756 728 773 per
741 751 822 767 notarios
835 750 919 773 publicos
928 751 1062 774 infrascriptos,
1072 750 1103 773 qui

176 784 265 806 premissis
282 783 408 804 interfuerunt,
424 783 505 806 sigillum
520 789 580 800 meum
597 783 664 806 apponi
678 783 714 800 feci
729 789 764 800 una
777 789 818 800 cum
831 783 890 806 signis
905 786 922 800 et
937 783 1104 806 subscriptionibus

176 816 280 833 notariorum
295 816 407 833 eorumdem.
422 816 487 832 Datum
501 819 519 832 et
532 819 590 832 actum
605 822 652 833 anno
667 816 739 832 Domini
755 816 852 832 millesimo
866 816 988 832 tricentesiino
1003 816 1104 839 quadrage-

176 848 224 869 simo=
235 849 299 866 diebus
309 852 327 865 et
336 848 381 865 locis
391 854 411 865 ae
424 848 520 865 mensibus
532 849 669 871 suprascriptis,
683 848 783 865 indictione
796 852 863 869 octava,
877 848 992 871 pontificatus
1005 848 1104 865 sanctitatis

175 885 230 898 vestre
246 887 292 898 anno
309 884 366 898 sexto<
389 881 509 898 Presentibus
526 881 663 898 venerabilibus
686 884 704 897 et
725 881 810 898 discretis
825 881 869 897 viris
886 881 965 898 dominis
980 884 998 898 et
1012 881 1104 903 magistris

174 913 250 930 Johanne
265 914 357 934 Caronis¹‚
369 913 441 930 officiali
454 913 582 934 Silvanetensi,
593 913 676 930 Johanne
690 913 775 934 pavonis,
786 913 893 930 beneficiato
906 913 924 929 in
935 913 1011 930 ecclesia
1022 913 1104 930 Silvane-

174 946 224 967 tensi„
238 947 318 963 Johanne
331 946 353 963 de
365 946 465 967 Attmbato,
481 945 576 969 capellano
590 946 609 962 in
624 945 702 962 ecclesia
715 945 775 962 Sancti
790 945 855 968 Reguli
869 945 1005 966 Silvanetensis,
1019 947 1072 963 Petro
1085 949 1103 963 et

174 978 250 995 Johanne
260 979 282 996 dc
292 978 394 996 Barleriaco
406 985 426 995 ac
438 978 523 996 Guidone
534 978 556 995 de
569 978 661 995 Plailliaco
672 978 752 999 clericis,
763 978 884 1001 pluribusque
893 978 934 995 aliis
944 978 1021 995 testibus
1031 978 1053 995 ad
1064 984 1103 1001 pre·

174 1011 224 1028 missa
234 1011 300 1028 vocatis
310 1011 414 1034 specialiter
424 1015 442 1028 et
451 1011 526 1034 rogatis.

214 1044 235 1060 Et
249 1050 282 1067 ego
300 1044 409 1060 Guillelinus
426 1044 527 1066 Marpaudi,
542 1044 620 1060 clericus
638 1043 760 1060 Abrincensis
774 1043 861 1064 diocesis,
875 1044 958 1066 publicus
973 1044 1071 1067 apostolica
1084 1047 1103 1060 et

174 1075 256 1098 imperiali
267 1076 371 1093 auctoritate
382 1076 470 1097 notarius,
481 1079 514 1093 etc.

214 1109 235 1125 Et
248 1115 282 1132 ego
297 1109 407 1126 Bertrnudns
425 1109 528 1126 Salomonis
543 1109 565 1125 de
581 1109 679 1130 Lambalia,
697 1109 804 1126 Briocensis
821 1110 900 1126 diocesis
917 1109 1001 1129 clericus.
1016 1108 1101 1132 publicus

173 1141 264 1163 apostolica
275 1145 292 1158 et
302 1142 390 1164 imperiali
401 1142 508 1165 auctoritate
517 1142 607 1163 notarius,
617 1145 650 1159 etc.

213 1174 234 1191 Ει
243 1180 277 1197 ego
287 1173 364 1191 Thomas
378 1174 456 1195 Sellarii,
469 1174 548 1191 clericus
560 1175 666 1191 Baiocensis
680 1174 767 1195 diocesis,
779 1175 864 1198 publicus
874 1175 973 1198 apostolica
983 1178 1000 1191 ct
1011 1174 1100 1196 imperiali

172 1206 271 1223 auctoritate
281 1207 369 1227 notarius,
379 1209 411 1224 etc.

214 1260 278 1276 Originnle
285 1261 298 1272 in
306 1261 343 1273 Arch.
352 1262 380 1273 Vnt.
388 1262 451 1273 instrum*
459 1261 515 1273 mirail>
524 1261 559 1273 1840.
567 1261 606 1273 Deest
613 1262 678 1278 tigillum.

213 1313 223 1326 1.
232 1313 257 1325 ⁵0·-
264 1318 269 1325 u
274 1314 321 1326 Cui-nni
326 1318 337 1328 a,
343 1318 378 1330 mg.
386 1314 399 1326 in
406 1314 463 1329 annm,
469 1318 491 1326 nn,
499 1315 530 1326 1343
537 1318 566 1326 em..
575 1314 669 1327 summe—ens.
677 1315 714 1331 [neg.
722 1315 763 1327 elem.
770 1316 791 1330 vr,
799 1318 814 1328 m·
821 1317 846 1331 ne,
854 1317 876 1329 coi.
883 1316 921 1332 θεὴ).
