1273 1538
179 53 222 72 ¹333]
370 59 393 70 ΑΒ
410 58 462 70 ΔΝΜ)
480 58 597 70 neor-xxxvi
615 58 681 73 usque
699 59 722 70 an
740 59 809 70 annun
826 59 897 70 mecm„
1067 53 1099 70 419

177 96 240 112 mensis
256 96 372 118 Septembris,
387 101 447 112 corani
464 95 571 112 reverendis
589 95 671 117 patribus
688 95 762 112 domino
780 95 833 111 Petro
849 95 936 117 episeopo
951 95 1063 116 Penestrino=
1079 101 1098 111 ac

177 129 244 145 demine
253 128 341 146 Anibaldo
352 128 438 151 episcopo
448 128 559 148 Tusculano,
570 134 590 144 ac
603 127 704 145 venerabili
715 132 764 150 patre
775 127 849 144 domino
860 128 949 145 Gasberto
961 127 1097 150 archiepiscopo

178 162 279 183 Arelatensi,
290 161 357 178 domini
373 167 417 184 pape
431 161 537 181 camerario,
550 161 641 178 Avinione
651 161 669 177 in
679 161 763 183 hospicio
776 160 818 177 dicti
831 161 899 177 domini
910 160 1007 177 Tusculani
1017 161 1098 183 episcopi

178 195 194 212 in
203 194 235 211 mei
248 195 312 212 notarii
324 198 342 211 et
355 194 426 211 testium
441 194 586 217 subscriptorum
600 194 698 217 presentia,
714 194 850 211 venerabilibus
864 194 945 217 patribus
959 198 976 211 et
989 194 1067 211 dominis
1080 194 1098 210 in

178 234 222 245 sacra
238 227 327 251 theologia
344 227 435 251 magistris
453 227 580 250 infrascriptis,
600 228 685 245 videlicet
704 228 784 245 dominis
805 228 857 245 Petro
879 227 1020 251 Rothomagensi
1041 227 1099 244 archi-

178 262 263 284 episcopo,
272 262 324 278 sratre
337 262 394 278 Helia*
404 261 541 284 archiepiscopo
551 261 673 282 Nicossiensi⁷
681 262 757 278 Ordinis
765 261 838 278 fratrum
849 262 947 282 Minorum,
956 262 1010 279 fratre
1017 261 1098 279 Johanne

178 295 257 318 episeopo
265 294 386 313 Terralbensi.
395 294 470 311 Ordinis
479 295 533 311 Beate
541 295 598 311 Marie
607 295 629 311 de
637 295 738 315 Carmelu’,
747 294 802 311 fratre
809 295 891 312 Johanne
899 295 987 312 Clonensi
996 295 1098 318 episcopo'¹

178 328 247 345 Ordinis
256 328 390 348 Cisterciensis,
401 328 481 344 Antonio
492 328 544 348 Bec‘,
553 327 622 344 decano
630 327 762 348 Lincolniensi,
773 328 827 345 fratre
837 328 916 345 Gen-aldo
926 328 1010 349 Othonis=
1019 328 1099 351 generali

179 361 255 378 ministro
271 361 345 378 Ordinis
364 361 437 378 fratrum
455 361 563 380 Minorum‘„
580 361 662 378 Johanne
680 361 766 382 Lutrell‘,
783 361 871 378 canonico
890 361 1029 383 Sarisheriensi‚
1046 362 1100 379 fratre

179 394 246 411 Galtero
258 394 280 411 de
291 394 378 415 Chatun',
392 394 467 411 Ordinis
481 394 556 411 fratrum
569 394 667 415 Minorum,
682 394 737 411 fratre
750 394 822 411 Andrea
834 394 856 411 de
866 395 948 415 Petusio,
961 395 1035 412 Ordinis
1046 396 1101 412 Here-

179 427 255 444 mitarum
269 427 325 444 sancti
339 427 454 450 Augustini¹,
469 427 560 444 Bertaudo
574 427 658 448 Sorelli’⁷
668 427 757 444 canonico
772 427 877 448 Parisiensi,
894 428 948 444 fratre
960 428 1052 445 Bernardo
1062 428 1101 445 Oli-

178 461 241 481 verii¹⁰‚
257 460 331 477 Ordinis
348 461 479 477 Heremitarum
501 461 559 478 sancti
574 461 681 484 Augustini,
701 461 755 477 fratre
773 461 853 478 Arnaldo
868 461 890 478 de
907 461 971 478 Sancto
988 461 1101 480 Michaele‘&

179 493 247 511 Ordinis
257 493 397 515 Predicatorurn,
407 493 476 510 domini
487 499 532 516 pape
542 494 677 516 penitentiario,
688 497 707 510 et
715 494 770 511 fratre
780 493 880 511 Guillelino
890 494 977 511 Bernardi
988 494 1010 511 de
1020 494 1100 515 Podio¹¹‚

179 527 247 544 Ordinis
265 526 337 544 fratrum
360 527 460 548 Minornm,
483 527 604 550 personaliter
627 527 741 548 constitutisv
764 527 857 550 predictus
881 527 965 544 dominus
988 526 1101 544 Tusculanus

179 560 270 583 episcopus
284 566 305 576 ex
317 563 367 583 parte
380 563 399 576 et
410 560 433 576 de
446 560 530 577 mandato
544 560 607 583 prefati
621 560 690 577 donnini
704 561 762 577 nostri
774 560 814 577 vive
825 560 875 578 vocis
885 560 964 581 oraculo,
976 564 995 577 ut
1005 560 1055 581 dixit,
1066 560 1101 577 sibi

178 593 219 610 sacto
232 593 311 616 precepit
324 593 393 610 eisdem
407 593 500 616 magistris
514 593 575 614 simul,
589 597 609 610 ut
622 593 739 617 premittitur„
753 593 871 617 congregatis
881 593 899 610 in
909 594 975 611 virtute
987 597 1048 611 sancte
1058 593 1102 610 obe-

179 626 241 643 dientie
251 629 268 643 et
277 626 310 643 sub
320 632 366 650 pena
376 626 575 647 excommunicationis,
586 630 605 643 ut
615 626 669 644 certis
680 627 761 644 articulis
772 627 892 650 infrascriptis
900 627 999 644 seeundum
1008 627 1101 644 scientiam

178 660 220 682 ipsis
228 659 317 682 magistris
327 665 337 676 a
347 660 385 676 Deo
396 659 453 676 datam
466 659 515 676 omni
528 659 601 677 fictione
614 663 632 676 et
645 660 741 677 affectione
755 660 862 683 postpositis
875 664 928 683 prout
940 660 1042 677 sentiebant
1051 666 1102 677 vera-

178 693 219 710 citer
227 693 363 715 responderent.
374 693 409 714 Qui
419 692 493 716 quidem
504 693 572 710 domini
584 693 665 716 magistri
676 693 761 710 dixerunt
771 693 819 716 quod
832 693 916 710 mandato
926 693 1007 716 predicto
1017 693 1102 710 volebant

178 729 226 749 prout
240 730 314 749 possent
328 730 345 743 et
359 726 428 743 seirent
441 727 480 743 Deo
495 726 549 743 dante
563 726 644 749 plenarie
658 726 742 747 obedire⁷
754 730 876 749 protestantes
890 730 907 743 et
919 733 1005 749 expresse
1020 726 1101 743 dicentes

178 759 222 782 quod
231 765 250 777 se
259 763 277 776 et
286 765 347 777 eorum
359 759 405 777 dicta
416 763 469 783 atque
480 759 557 777 dicenda
567 759 586 776 in
596 763 614 777 et
624 766 680 783 super
690 759 772 777 articulis
782 759 902 783 infrascriptis
914 763 930 777 et
942 760 988 777 circa
999 760 1049 783 ipsos
1058 760 1101 777 arti-

177 793 224 810 culos
238 793 363 816 supponebant
376 793 486 810 correctioni
500 797 518 810 et
532 793 649 810 declarationi
664 796 726 810 sancte
742 794 821 810 Romane
834 793 912 811 ecclesie
925 799 945 810 ac
959 793 1028 811 domini
1043 794 1100 811 nostri

178 832 218 849 pape
227 826 308 850 predicti.

216 860 243 876 Ad
252 859 332 882 primum
345 859 440 876 articulum
455 859 487 882 qui
502 859 543 876 talis
558 863 596 876 est:
607 867 614 875 «
624 860 689 877 Utrum
702 860 811 877 catholicum
821 866 843 877 an
855 859 954 877 hereticum
965 860 994 877 vel
1004 866 1099 877 erroneum

178 893 198 910 sit
211 892 268 910 dicere
278 893 327 915 quod
339 893 357 909 in
370 892 427 909 limbo
441 896 546 910 sanctorum
561 896 632 915 patruni
647 899 684 910 non
699 893 754 910 fuerit
769 899 814 916 pena
828 893 864 910 nisi
878 899 923 916 pena
935 893 1015 916 dampni,
1028 899 1063 916 que
1073 897 1101 910 est

176 926 247 943 carentia
257 926 333 943 visionis
343 925 404 943 divine
413 933 428 947 »„
439 926 484 943 dicti
494 926 563 943 domini
574 926 656 949 magistri
666 926 782 943 concorditer
793 926 926 949 respondentes
935 926 1019 943 dixerunt
1027 926 1101 949 etjudin

177 963 256 976 caverunt
265 959 322 982 ipsum
333 959 427 976 articulum
438 965 481 976 esse
491 965 594 976 erroneum.

215 993 242 1010 Ad
253 992 344 1010 secundum
357 992 451 1010 articulum
463 992 494 1015 qui
505 993 546 1009 talis
556 996 585 1010 est
594 999 597 1009 :
607 1000 615 1009 (ι
624 994 688 1010 Utrum
703 992 811 1010 catholicum
822 999 844 1009 an
854 993 954 1010 hereticum
964 993 993 1010 vel
1003 999 1100 1011 erroneum

177 1026 198 1043 sit
212 1026 270 1043 dicere
286 1026 334 1048 quod
351 1026 436 1043 Christus
450 1032 487 1043 non
502 1026 561 1049 potuit
575 1025 653 1043 liberare
667 1026 737 1043 animas
752 1030 856 1043 sanctorum
872 1026 894 1043 de
911 1026 951 1043 lacu
965 1026 1031 1043 inferni
1046 1030 1063 1044 et
1077 1027 1100 1044 de

177 1059 254 1080 vinculis,
268 1059 303 1076 nisi
316 1059 375 1076 dando
389 1059 416 1076 eis
428 1059 493 1076 claram
506 1059 596 1076 visionem
607 1059 669 1076 divine
679 1059 760 1076 essentie
769 1066 785 1081 n,
793 1059 927 1082 responderunt
938 1060 981 1076 dicti
991 1060 1072 1083 mafflstri
1082 1063 1100 1076 et

178 1092 255 1109 dixerunt
268 1093 325 1115 ipsum
339 1092 435 1109 articulum
448 1098 491 1109 esse
504 1098 601 1109 erroneum
613 1096 632 1109 ut
639 1093 693 1115 jacet.
705 1093 794 1110 Dominus
805 1096 863 1110 autern
874 1092 1023 1116 archiepiscopus
1033 1093 1099 1110 Rotho—

178 1126 263 1148 magensis
275 1129 293 1142 et
302 1126 381 1143 decanus
397 1126 532 1143 Lincolniensis
546 1126 623 1148 predicti
638 1126 701 1143 dicunt
714 1126 774 1149 ipsum
787 1126 881 1143 articulum
894 1132 997 1147 erroneum,
1008 1126 1023 1143 si
1034 1126 1100 1143 intelli-

178 1162 225 1181 gatur
234 1159 255 1176 de
268 1159 346 1181 potentia
359 1159 392 1176 Dei
406 1159 499 1180 absoluta;
513 1159 556 1176 item
571 1159 587 1176 si
601 1159 619 1176 in
634 1159 770 1182 comparatione
784 1159 806 1176 ad
821 1159 910 1176 dicentem
925 1159 954 1177 vel
967 1163 1099 1182 argumentum„

178 1191 227 1209 nichil
244 1191 297 1213 valet3
314 1195 332 1209 et
348 1192 424 1215 insuper
440 1192 526 1209 dixerunt
543 1198 583 1209 eum
598 1198 695 1209 erroneum
711 1192 730 1209 in
745 1193 879 1215 comparatione
893 1193 915 1210 ad
929 1193 1023 1210 articulum
1037 1198 1101 1216 prece>

178 1225 249 1242 dentem.
264 1226 290 1242 De
305 1226 384 1248 potentia
398 1229 457 1242 autem
472 1225 556 1242 ordinata
570 1226 633 1243 dicunt
648 1226 697 1249 quod
708 1232 744 1243 non
759 1230 786 1243 est
798 1232 892 1243 erroneus.
902 1226 939 1243 Alii
949 1229 1007 1243 autem
1019 1226 1101 1249 magistri

178 1264 210 1275 non
220 1258 300 1275 obstante
311 1258 357 1276 dieta
368 1258 485 1276 distinctione
496 1258 552 1276 nichil
560 1258 657 1276 voluerunt
665 1259 740 1280 addere,
749 1265 782 1282 pro
790 1265 812 1276 eo
821 1259 862 1283 quia
872 1259 933 1276 dicunt
944 1259 1037 1276 articulum
1047 1259 1101 1276 istum

178 1298 239 1315 negare
249 1298 318 1310 omnem
329 1292 433 1315 potentiam.

217 1325 245 1342 Ad
258 1326 330 1343 tertium
344 1325 439 1343 articulum
454 1326 486 1348 qui
501 1326 541 1343 talis
556 1329 596 1342 est:
606 1333 615 1342 «
624 1326 688 1343 Utrum
700 1326 807 1343 catholicum
820 1332 842 1343 an
855 1326 954 1344 hereticum
963 1327 993 1344 vet
1005 1332 1100 1344 erroneum
