1273 1538
175 50 210 67 588
463 54 621 66 enxnrumnmu
637 55 732 67 univiras.
750 55 815 67 tunm.
1043 48 1089 66 [1346

177 90 295 114 astringimus
309 92 337 108 et’
352 91 416 108 samam
433 91 491 113 ipsius
508 90 596 108 celebrem
611 91 687 108 diffundi
702 97 734 114 per
747 91 809 108 orbem
824 90 907 107 diffusius
923 90 1028 111 affectamus,
1045 93 1089 107 tanto

178 123 241 146 procul
253 124 308 141 dubio
319 123 402 141 dolemus
412 124 490 140 amarius
500 127 518 140 et
526 124 599 146 gravius
611 124 629 140 in
643 123 712 141 intimis
724 124 823 144 anxiamur,
834 129 873 140 cum
887 123 909 139 de
921 123 960 145 ipso
970 122 1039 140 sinistra
1047 123 1089 140 same

178 156 282 178 hujusmodi
296 156 394 173 claritatem
409 155 532 173 obnubilantia
548 156 657 173 reseruntur.
675 156 711 173 Hec
726 156 806 178 quidem,
820 155 859 176 filii,
872 161 904 178 pro
917 158 964 172 tanto
978 155 1090 178 premittimus

178 189 226 211 quia,
237 189 284 206 sicut
293 189 347 206 habet
356 188 489 211 fidedignorum
500 188 566 205 relacio
578 188 694 211 displicibilis
706 192 724 205 et
737 188 808 209 infesta,
823 188 842 205 in
857 188 920 205 eodem
934 188 998 209 studio„
1012 188 1058 210 quod
1070 188 1090 205 ab

178 222 252 244 antiquo
262 225 345 244 tanquam
356 221 423 238 flumen
433 227 478 243 aque
488 221 528 238 vive
539 221 654 244 splendidum
664 224 684 238 ut
693 220 785 238 cristallus
792 226 874 238 verarum
885 220 966 237 ubertaet
974 221 1089 242 scientiarum,

178 258 272 271 venustate
282 260 352 271 morum
365 253 476 276 aliarumque
489 253 574 271 varietate
587 254 672 271 virtutum
686 254 776 271 inundans
790 257 808 271 et
820 254 908 271 civitatem
924 254 962 275 Dei,
979 253 1089 271 universalem

177 286 262 304 videlicet
271 286 373 307 eeclesiam,
387 285 475 303 letificans
489 286 572 303 salutaris
589 292 630 303 rore
645 286 726 303 doctrine
741 286 839 303 secundare
848 286 922 303 uberius
935 287 1032 307 consuevit,
1041 287 1090 304 rudes

178 319 271 339 erudiens,
281 322 343 336 acutos
353 318 430 342 amplius
440 325 507 336 acuens
517 322 535 336 et
544 319 607 336 doctos
618 319 698 336 efficiens
711 325 754 336 vere
768 319 848 336 claritate
860 319 935 336 scientie
944 319 1031 340 doctores,
1041 326 1090 341 nunc¹

178 351 223 375 proh
233 351 292 371 dolor,
302 357 312 368 a
322 351 438 368 scientiarum
448 352 529 372 veritate,
542 352 560 368 in
574 358 608 374 qua
620 352 679 374 ipsum
693 352 745 368 dator
758 358 850 375 supernus
865 352 960 374 gratiarum
972 355 990 369 et
1004 358 1092 369 munerum

178 387 275 404 creaverat,
293 384 311 400 in
326 383 417 406 aliquibus
434 384 486 406 quasi
500 384 613 407 degenerans
628 390 647 401 se
664 384 707 401 dare
721 384 769 407 cepit
786 385 907 401 detractorum
921 384 973 401 labiis
989 391 1027 401 cum
1040 385 1092 402 fetore

178 416 250 433 insamie
260 416 382 434 lacerandum.

223 450 266 466 Nam
277 449 361 466 nonnulli
372 450 454 472 magistri
464 453 483 466 et
492 449 572 467 scolares
584 449 649 466 artium
663 452 682 466 et
696 449 812 473 philosophie
821 449 903 467 scientiis
912 450 1015 467 insudantes
1026 450 1092 471 ibidem,

178 482 259 499 dimissis
271 485 289 499 et
301 482 409 505 contemptis
423 482 536 505 philosophi*
553 485 571 499 et
584 482 661 499 aliorum
674 482 802 505 magistrorum
818 485 835 499 et
851 482 973 505 expositorum
988 483 1093 505 antiquorum

178 515 263 535 textibus,
274 521 321 537 quos
331 515 384 537 sequi
394 515 482 532 deberent
492 515 510 531 in
520 518 605 537 quantum
616 515 659 531 fidei
669 515 758 532 catholice
773 521 810 532 non
823 515 902 536 obviant,
916 521 935 532 ac
947 515 994 532 veris
1006 515 1094 538 expositio-

178 547 232 565 nibus
242 551 260 564 et
272 548 374 571 scripturis,
388 547 455 569 quibus
467 547 541 564 fulcitur
556 547 594 570 ipsa
609 547 691 568 scientia,
702 547 724 564 ad
740 547 785 564 alias
799 548 858 565 varias
875 551 892 564 et
906 551 996 565 extraneas
1012 548 1095 565 doctrinas

178 580 293 603 sophisticas,
304 586 339 602 que
350 581 368 597 in
379 580 486 602 quibusdam
497 580 538 597 aliis
548 580 610 597 doceri
621 580 706 597 dicuntur
715 580 799 602 studiis‘,
809 584 827 597 et
837 580 944 603 oppiniones
954 584 1055 603 apparentes
1063 586 1096 598 non

178 613 276 630 existentes
287 617 304 630 et
314 612 395 633 inutiles,
407 616 425 629 et
434 619 456 629 ex
466 612 533 635 quibus
542 613 612 630 {ructus
623 619 659 630 non
669 613 745 636 capitur,
756 619 776 630 se
786 617 899 634 convertunt,
909 614 987 630 studium
997 613 1096 636 predictum,

177 652 186 662 a
197 652 232 668 quo
242 646 292 662 velut
301 645 412 669 precellente
424 651 444 662 ae
455 645 559 662 dominante
572 646 612 662 aliis
625 646 711 668 fonteque
726 646 767 663 vivo
782 646 849 663 fluenta
864 646 976 663 scientiarum
991 649 1008 663 et
1021 646 1096 663 doctrine

176 679 249 696 haurire
263 678 347 695 solebant
360 681 420 695 cetera
433 678 503 699 studia,
516 679 620 701 peregrinis
634 678 736 695 inherendo
749 679 880 702 oppinionibus
893 685 968 701 persepe
981 678 1070 695 inutilibus
1080 682 1096 695 et

177 712 260 728 erroneis
269 715 356 734 quantum
366 711 385 728 in
395 711 422 728 eis
432 714 460 728 est
469 712 521 734 quasi
531 711 614 728 faciendo
622 711 695 728 servile.

222 744 306 767 Plerique
316 750 389 767 quoque
400 743 488 767 theologi,
499 744 548 767 quod
559 744 663 761 deflendum
674 748 701 761 est
711 745 797 766 amarius,
808 745 830 761 de
843 748 892 761 textu
907 745 970 765 Biblie,
985 745 1095 768 originalibus

178 781 196 795 et
205 778 259 795 dictis
270 781 372 795 sanctorum
383 783 404 794 ac
414 777 508 794 doctorum
519 777 665 801 expositionibus
676 778 704 799 (ex
713 778 780 800 quibus
795 784 837 795 vera
851 778 882 794 illa
896 778 993 800 acquiritur
1007 777 1096 801 theologia,

175 810 206 827 'cui
217 817 254 827 non
263 811 398 827 attribuendum
408 813 436 827 est
446 810 533 833 quicquid
544 810 566 827 ab
579 810 684 827 hominibus
699 811 741 827 sciri
757 814 823 833 potest,
839 811 870 827 ubi
883 811 936 833 plane
949 810 1007 827 nulla³
1021 811 1097 828 vanitatis

178 847 195 860 et
205 844 316 861 curiositatis
326 844 379 861 noxia
389 843 487 866 reperitur,
497 844 530 860 sed
540 844 574 860 hoc
584 849 620 866 quo
631 843 677 861 fides
687 843 813 863 saluberrima,
824 849 859 866 que
870 843 891 860 ad
903 849 962 860 veram
972 844 1020 860 ducit
1028 843 1097 861 beatitu-

177 877 245 898 dinem,
256 877 330 894 initatur
340 876 478 899 (sic)‚gignitur,
488 876 584 893 roboratur
592 880 610 893 et
620 877 730 898 defenditur)
740 882 777 893 non
787 880 878 897 curantes,
891 876 1019 900 philosophicis
1026 877 1098 899 questio·

176 909 231 926 nibus
241 913 260 926 et
268 910 309 926 aliis
319 909 397 926 curiosis
408 909 563 933 disputationibus
573 913 590 926 et
598 910 689 932 suspectis
697 909 829 933 oppinionibus
843 910 966 932 doctrinisque
976 910 1072 932 peregrinis
1083 913 1098 926 et

177 942 231 959 variis
242 948 262 959 se
273 942 374 964 involvunt,
385 948 421 959 non
431 946 517 959 verentes
527 942 545 959 in
556 941 593 959 illis
603 942 706 965 expendere
717 942 757 959 dies
770 948 821 963 suos,
835 948 870 965 que
884 948 917 959 nec
930 942 978 959 domi
994 948 1025 959 nec
1041 942 1098 959 militie

176 981 210 992 nec
225 975 291 992 alicubi
304 976 398 999 prosunt‘,
412 979 430 992 et.
443 975 536 992 ommissis
553 975 662 992 necessariis
678 981 790 999 supervacua
805 976 871 992 docere
885 979 903 992 et
917 976 977 992 dicere
992 979 1070 998 satagunt
1082 976 1098 992 in

176 1011 224 1025 tanta
234 1008 322 1031 temporis
332 1011 420 1031 egestate,
431 1008 458 1025 sic
468 1008 524 1031 quod,
535 1008 583 1025 unde
597 1008 687 1025 deberent
701 1008 775 1031 prodire
789 1009 859 1025 fructus
874 1008 940 1025 uberes
949 1008 995 1025 sicut
1008 1009 1099 1031 antiquitus

177 1041 280 1058 reficientes
295 1040 359 1058 fideles
374 1040 506 1058 delectabiliter
520 1041 542 1058 ad
556 1040 639 1062 salutem,
655 1041 741 1064 pestifera
756 1041 839 1064 pululant
852 1041 959 1064 quandoque
973 1042 1045 1063 semina,
1055 1045 1070 1058 et
1083 1042 1099 1058 in

176 1074 298 1098 perniciosam
309 1077 398 1096 segetem,
408 1074 430 1090 de
441 1080 477 1096 quo
488 1074 569 1096 profecto
579 1073 679 1091 dolendum
689 1077 723 1095 est,
734 1074 841 1091 coalescunt
848 1075 860 1090 Τ,

221 1107 299 1127 Rursus,
309 1112 349 1123 curn
360 1106 409 1124 veris
419 1107 502 1123 scientiis
512 1107 617 1129 hujusmodi
627 1106 714 1129 legendo,
725 1107 817 1124 audiendo
831 1110 849 1127 et
865 1107 954 1124 studendo
968 1111 1016 1124 esset
1028 1113 1037 1124 a
1051 1107 1101 1130 magi-

177 1140 221 1157 stris
230 1143 249 1156 et
258 1139 360 1156 scolaribus
370 1139 447 1162 predicti
458 1139 514 1156 studii
525 1140 574 1156 curis
585 1139 662 1157 solicitis
673 1140 759 1157 continue
770 1140 899 1161 insistendum,
907 1144 925 1157 et
931 1141 1033 1163 frequentes
1040 1146 1101 1157 convo-

176 1173 258 1190 cationes
268 1178 300 1189 seu
311 1173 465 1195 congregationes
475 1176 510 1189 tam
521 1172 617 1195 speciales,
628 1173 725 1190 occasione
736 1173 829 1190 nationum
840 1176 858 1190 et
867 1173 975 1194 facultatum,
989 1179 1039 1196 quam
1053 1174 1101 1190 etiam

175 1205 272 1228 generales
286 1206 337 1226 fiunt,
353 1205 402 1228 quod
416 1208 450 1222 tnm
466 1205 496 1222 die
513 1205 543 1222 illa
559 1212 593 1228 qua
610 1206 765 1228 congregationes
780 1209 798 1222 et
812 1207 951 1223 convocationes
966 1206 1004 1223 fleri
1018 1206 1102 1229 contingit

176 1237 289 1260 hujusmodi,
308 1244 361 1261 quam
379 1238 470 1261 sequenti,
486 1238 588 1261 perduntur
602 1242 620 1255 et
637 1238 763 1261 impediuntur
777 1239 872 1260 lectiones⁷
888 1239 1023 1261 disputationes,
1041 1242 1059 1255 et
1075 1239 1102 1255 alii

176 1274 227 1288 aetus
248 1270 347 1292 scolastici,
366 1277 386 1288 ac
405 1270 438 1292 illi,
459 1271 491 1294 qui
509 1271 599 1288 deberent
617 1271 713 1294 proficere,
732 1271 846 1288 infructuose
868 1275 888 1289 ut
904 1271 999 1295 plurimum
1014 1274 1103 1289 transeunt

177 1307 249 1327 tempus
259 1310 322 1326 suun13
332 1307 413 1321 ceterum
424 1310 446 1321 ex
455 1310 477 1321 eo
488 1304 537 1327 quod
548 1304 567 1321 in
577 1304 646 1321 eisdem
660 1304 824 1321 convocationibus
838 1308 856 1321 et
869 1304 1038 1327 congregationibus
1052 1304 1103 1327 aliqui
