1273 1538
171 34 203 51 134
458 41 619 54 emma-uminum
635 42 730 54 uuivnns.
748 42 814 54 ranis.
1049 35 1095 54 [1308

216 77 261 94 Item
275 77 374 95 diffinimus
385 78 434 101 quod
448 78 530 101 quelibet
542 78 634 102 provincia
647 78 722 96 Ordinis
735 78 800 96 debeat
813 78 852 96 suis
863 79 955 102 magistris
968 82 985 95 et
994 78 1095 96 hachelai-iis

172 110 311 133 Parysiensibus
321 111 409 135 equaliter
419 111 523 135 providere,
534 117 557 128 ne
567 117 589 128 ex
598 112 678 134 inequali
689 112 794 135 provisione
805 111 894 129 dictorum
905 111 1047 129 bachelariorum
1056 117 1095 128 con-

172 144 229 162 tentio
239 144 268 161 vel
278 145 370 163 discordia
380 145 455 162 oriatur.

220 194 254 207 Bibl.
262 194 312 209 νίψαι,
319 198 344 206 ιω.
350 194 371 210 fit,
379 194 401 207 σοι.
408 193 476 205 καῖ’-ιω)4

221 231 233 243 1.
241 232 259 244 De
266 231 370 246 Monta-ubine,
380 231 454 243 two-13⁰7.

174 295 231 314 671.
242 300 337 318 maepnssm,
346 299 399 316 Paris„
407 299 458 312 Petrus
466 298 480 312 te
487 299 536 316 Fama,
544 299 642 317 juramentum
649 298 667 312 de
675 298 768 312 ohmvamm
779 298 879 312 Uni-»micans
887 298 934 312 Paris.
942 298 1033 312 [thematibus
1040 298 1053 311 ιἰ.
1058 302 1098 317 μιαι-

219 323 267 337 sentia
276 323 375 337 Universitaeis
382 324 454 341 praestat.

771 341 809 356 καθ,
817 340 876 354 ombria
883 341 902 356 ro,
909 340 965 354 rarum,

221 379 241 395 In
253 378 327 395 nomine
341 378 420 399 Domini,
435 383 494 395 amen.
509 378 562 394 Anno
577 377 659 400 ejusdem
674 378 771 395 millesimo
787 378 914 395 trecentesimo
928 380 997 398 octavo,
1007 377 1099 395 indictione

176 411 260 434 septima,
275 411 346 428 decimo
361 411 391 428 die
408 411 476 428 mensis
494 410 585 431 Octobris,
600 410 715 433 pontificatus
732 411 842 428 sanctissimi
859 411 915 434 patris
932 414 949 427 et
965 410 1033 427 domini
1048 411 1100 428 nostri

176 444 246 461 domini
261 444 361 461 Clementis
374 444 435 461 divina
447 443 561 467 providentia
575 449 620 466 pape
633 443 692 466 quinti
705 449 752 461 anno
766 444 825 465 tertio,
839 444 961 467 congregatis„
975 447 994 460 ut
1005 444 1059 461 moris
1070 447 1101 466 est,

176 477 313 494 venerabilibus
327 480 344 494 et
358 477 442 494 discretis
454 477 499 494 viris
513 476 647 500 theologorum,
662 477 784 498 decretorum,
798 477 889 494 medicine
903 480 920 494 et
932 477 995 494 artium
1005 477 1100 494 faculmtum

177 510 271 533 magistris
285 510 426 531 Parisiensibus,
441 516 474 527 nec
488 516 524 527 uon
540 510 638 533 magistris,
652 510 760 527 bachalariis
774 513 792 527 et
807 510 909 527 scolaribus
921 510 1039 533 predictarum
1052 510 1101 527 sacul-

177 546 240 564 tatum,
253 549 273 560 ac
288 543 373 560 omnibus
388 543 410 560 de
425 543 547 560 Universitate
562 543 667 564 Parisiensi,
681 543 712 566 qui
726 544 824 560 voluerunt
838 547 856 560 et
872 547 969 566 potuerunt
986 543 1070 560 interesse
1085 544 1101 561 in

177 576 300 594 Universitate
308 576 396 599 predicta,
404 576 426 593 ad
436 582 490 599 quam
501 576 587 593 decimam
597 576 644 593 diem
655 580 693 593 erat
702 579 784 597 vocatus,
792 580 893 594 conventus
903 580 920 593 et
930 577 1001 598 citatus,
1009 580 1028 593 ut
1037 577 1101 599 dicitur,

177 616 200 626 ex
208 613 258 633 parte
267 609 378 627 venerabilis
391 612 408 626 et
421 609 495 626 discreti
508 610 542 627 viri
552 610 634 632 magistri
643 610 736 627 Vincentii
746 610 768 626 de
779 610 864 633 Freyaco,
875 614 917 627 tunc
929 610 1005 627 rectoris
1017 610 1102 627 Universi-

177 643 219 660 tatis
232 643 341 660 Parisieusis
356 643 444 666 predicte,
459 649 479 659 ac
492 643 566 660 nomine
580 643 638 666 ipsius
652 643 780 660 Universitatis
794 643 883 666 predicte,
898 643 1002 660 auctoritate
1016 647 1034 660 et
1043 644 1102 661 virtute

177 676 316 699 privilegiorum
334 676 449 693 universitati
463 676 592 699 magistrorum
607 679 625 693 et
640 676 737 693 scolarium
755 676 886 694 Parisiensium
900 683 909 693 a
924 677 968 694 sede
981 677 1075 700 apostolica
1088 680 1103 694 et

177 709 246 727 inclitis
256 709 332 732 regibus
342 709 417 727 Francie
427 715 565 731 concessorum,
576 710 663 733 providus
671 710 699 727 vir
706 710 771 727 Petrus
781 710 798 727 le
809 711 874 731 Feron,
883 710 986 733 prepositus
996 710 1102 732 Parisiensis,

176 746 196 760 ut
207 743 306 760 secundum
318 743 413 766 privilegia
424 742 471 760 dicte
482 743 618 764 Universitatis,
629 743 652 760 ad
664 749 700 766 que
712 743 817 766 prepositus
830 743 939 760 Parisiensis
949 743 971 760 de
982 749 1027 760 novo
1039 747 1102 760 creatus

178 779 196 793 et
210 777 229 794 in
244 783 276 794 sue
291 777 407 800 prepositure
421 777 514 794 creatione
528 777 546 794 in
561 777 674 800 prepositum
689 777 810 794 Parisienscm
825 780 874 794 certa
888 777 918 794 die
933 777 980 794 dicte
995 777 1102 794 Universitati

178 810 202 827 ad
212 810 329 833 prestandum
338 811 460 833 juramentum
470 810 494 827 de
503 810 605 834 privilegiis
616 810 664 827 dicte
674 810 791 828 Universitati
802 810 895 827 concessis
905 810 983 827 fideliter
993 810 1102 828 observandis

178 847 207 861 est
217 844 309 865 astrictus,
319 847 373 867 prout
383 844 401 860 in
412 844 457 867 ipsis
467 843 570 867 privilegiis
580 844 652 867 plenius
663 844 729 861 dicitur
739 844 837 861 contineri¹
849 850 853 861 :
864 844 933 861 ideirco
945 844 964 861 in
977 844 1064 867 presentia
1073 844 1103 861 mei

178 877 248 900 publici
261 877 326 895 notarii
339 881 357 894 et
369 877 497 895 Universitatis
511 877 592 900 predicte
604 877 651 894 inter
663 880 723 894 cetera
735 877 763 895 vir
775 877 886 895 venerabilis
899 881 917 894 et
929 877 1018 895 discretus
1031 873 1103 894 ..rector

177 911 272 934 predictus
282 911 378 934 proposuit
387 914 405 927 et
415 910 460 927 dixit
469 914 555 934 presente
565 911 606 934 ipso
614 910 714 934 preposito,
723 911 772 934 quud
780 911 885 934 prepositus
893 911 1001 928 Parisiensis
1008 911 1103 934 quicunque

178 950 212 967 pro
223 948 304 968 tempore
315 945 375 966 suerit„
386 944 404 961 in
415 944 472 967 prima
483 944 512 961 sui
522 944 613 961 creatione
623 944 642 961 in
652 944 765 967 prepositum
778 944 900 961 Parisiensem
912 944 966 961 debet
978 947 996 961 et
1007 947 1073 961 tenetur
1084 944 1103 961 de

177 977 299 995 observandis
311 978 383 995 statutis
396 980 415 995 et
427 978 542 995 libertatibus
556 977 683 995 Universitatis
697 977 806 995 Parisiensis
819 981 868 994 certa
882 977 911 994 die
923 978 941 994 in
954 977 999 1000 ipsis
1012 977 1104 1000 privilegiis

177 1014 262 1028 contenta
273 1015 290 1028 et
300 1012 340 1029 loco
351 1018 360 1028 a
371 1011 418 1028 dicta
428 1011 551 1029 Universitate
561 1011 620 1028 eidem
630 1011 725 1034 preposito
735 1011 846 1034 assignando
858 1014 940 1034 prestare
949 1011 1073 1034 juramentum.
1086 1011 1104 1027 Et

178 1044 221 1067 quia
232 1044 291 1062 dictus
300 1058 311 1061 ..
320 1044 425 1068 prepositus
435 1050 491 1067 super
501 1044 535 1061 hoc
546 1044 657 1061 sufficienter
667 1044 754 1065 monitus,
765 1047 784 1061 ut
794 1044 882 1067 premissa
892 1044 965 1065 faceret,
976 1050 1011 1061 non
1021 1044 1066 1065 secie
1076 1049 1104 1061 nec

178 1077 202 1095 ad
212 1077 277 1094 dictam
288 1078 335 1094 diem
346 1078 382 1095 sibi
392 1077 478 1100 prefixam
489 1077 596 1100 comparuit,
607 1077 639 1095 sed
650 1083 669 1094 se
681 1077 773 1094 maliciose
781 1077 913 1099 absentaverat,
921 1080 939 1094 et
946 1077 980 1094 hoc
990 1078 1046 1094 faeere
1056 1077 1104 1094 distu-

178 1111 231 1132 lerat,
251 1114 270 1128 ut
289 1111 383 1128 asserebat
398 1110 485 1128 dominus
504 1114 564 1127 rector
583 1110 711 1127 Universitatis
731 1111 804 1128 nomine
823 1110 934 1133 supradicte,
950 1116 1005 1133 quare
1021 1110 1105 1127 asserebat

179 1144 240 1167 ipsum
252 1157 263 1160 ..
274 1144 387 1167 prepositum
400 1147 485 1166 tanquam
498 1143 640 1165 inobedientem,
654 1147 671 1161 et
684 1143 821 1166 privilegiorum
835 1144 883 1160 dicte
895 1144 1022 1161 Universitatis
1033 1147 1105 1161 contem-

179 1180 250 1200 ptorem
262 1177 301 1194 fore
313 1177 393 1200 graviter
405 1177 525 1199 puniendum⁴
536 1177 575 1193 Hiis
585 1180 602 1193 et
612 1176 652 1193 aliis
663 1177 747 1200 pluribus
757 1177 857 1200 propositis
867 1180 885 1194 et
895 1177 954 1198 dietis,
965 1180 1006 1200 post
1018 1177 1105 1195 nonnullas

179 1210 292 1228 sufficientes
305 1213 323 1226 et
336 1209 426 1233 legitimas
439 1210 569 1227 excusaciones
582 1210 625 1227 dicti
636 1223 647 1227 ..
660 1210 756 1233 prepositi,
769 1213 787 1227 et
800 1216 856 1233 snper
867 1210 901 1227 hoc
913 1216 922 1227 a
936 1210 982 1227 dieta
994 1211 1105 1228 Universitate

179 1243 275 1264 admissas,
286 1242 365 1260 finaliter
375 1242 423 1259 idem
435 1255 446 1259 ..
457 1242 562 1266 prepositus
573 1248 623 1259 more
633 1243 785 1266 predecessorum
796 1249 871 1260 suorum
882 1243 1016 1266 prepositorum
1025 1244 1106 1261 Parisien-

178 1276 226 1294 sium
237 1276 342 1299 and-sanctos
353 1279 370 1293 et
380 1278 451 1293 sanctas
462 1275 496 1293 Dei
506 1276 586 1299 paestitit
596 1276 669 1299 publice
676 1276 808 1299 juramentum,
819 1276 868 1299 quod
879 1282 915 1293 non
928 1282 948 1294 se
959 1276 1080 1294 absentaverat
1090 1277 1106 1294 ia

178 1309 261 1326 fraudem
272 1309 350 1332 aliquam
364 1309 393 1326 vel
407 1309 493 1326 malitiam
506 1314 539 1326 seu
552 1309 688 1329 detrimentum,
700 1310 822 1332 prejudicium
835 1310 864 1326 vel
876 1310 965 1326 lesionem
978 1307 1105 1333 privilegiorum
