1273 1538
174 39 207 56 278
461 45 621 57 CHARTULAMUM
637 45 733 58 movens
752 45 817 56 rinus.
1049 38 1093 57 [1325

176 95 232 115 835.
245 100 306 118 Quidam
314 102 368 118 snum
376 101 410 115 ora.
418 101 471 115 maed.
479 106 555 119 ,numm
561 101 623 120 papam
632 103 681 115 canem
689 101 759 119 quosaam
766 100 881 115 Mediolanenses
888 101 950 114 Parisiis
955 100 1032 119 publicam.

772 144 810 159 1³2⁵.
817 144 876 157 danuam?
882 144 901 159 12,
907 144 963 157 eaelum

222 181 243 197 In
257 181 290 198 Dei
304 181 377 198 nomine
391 187 449 197 amen*
463 181 551 198 Noverint
563 181 644 198 universi
657 187 734 203 presens
746 181 886 198 instrumentum
896 181 987 203 publicum
997 181 1095 203 inspecturi,

179 214 228 236 quod
238 220 285 230 anno
295 220 304 230 a
315 214 409 231 Nativitate
420 214 489 231 Christi
500 214 597 231 millesimo
610 214 738 231 trecentesimo
751 214 838 231 vicesimo
846 214 917 236 quinto,
927 214 1023 231 indictione
1035 217 1096 235 octava,

178 247 248 264 mensis
260 247 340 264 Ianuarii
350 247 380 264 die
390 247 428 270 xiij.
439 247 554 270 pontificatus
564 247 674 264 sanctissimi
683 247 701 264 in
712 247 785 264 Christo
796 247 851 270 patris
861 250 879 264 et
891 247 958 264 domini
968 247 1024 264 nostri
1035 247 1097 264 domini

177 280 265 297 Johannis
280 280 340 297 divina
356 280 469 303 providentia
484 286 529 303 pape
543 281 594 297 XXII
609 286 655 297 anno
670 286 726 301 nono,
741 280 851 297 venerabilis
865 284 883 297 et
897 281 994 303 religiosus
1010 280 1036 297 vi'r
1049 280 1098 298 frater

178 314 243 330 Petrus
253 313 275 330 de
286 313 345 330 Palma
355 313 430 330 Ordinis
440 314 514 331 fratrum
525 313 667 333 Predicatorum,
678 313 791 331 bachelarius
801 314 820 330 in
830 313 937 336 theologia‘,
948 314 1040 337 deputatus
1049 317 1080 330 tam
1089 320 1097 331 a

178 346 279 363 reverendo
289 350 339 369 patre
350 346 424 363 domino
435 360 446 363 ..
457 347 490 363 Dei
500 347 556 370 gratia
567 347 653 369 episcopo
664 347 771 363 Parisiensi¹
782 353 835 369 quam
845 347 897 364 etiam
908 347 930 363 de
940 347 1021 363 mandato
1031 347 1097 369 speciali

179 392 190 396 ..
205 379 321 402 provincialis
336 380 420 397 Francie'
435 380 510 396 Ordinis
525 380 623 402 supradicti
637 386 692 403 super
705 379 827 402 publicatione
841 386 959 403 processuum
974 380 1070 396 habitorum
1082 384 1098 397 et

177 413 265 429 sactorum
276 418 308 435 per
319 413 397 430 eundem
407 413 541 430 sanctissimum
553 416 620 435 patrem
628 416 690 430 contra
699 413 813 434 Galeaceum,
822 413 921 434 Marchiun,
930 413 1026 430 Luchinum
1035 416 1051 430 et
1058 413 1097 430 alios

179 446 227 463 filios
238 446 328 468 quondam
339 446 434 469 dampnate
446 446 532 463 memorie
543 446 609 463 Mathei
619 446 641 463 de
651 446 794 463 vicecomitibus
805 446 827 463 de
837 446 940 463 Mediolano
950 446 1037 463 hereticos
1048 446 1098 463 mani-

178 479 236 496 festos
246 482 264 496 et
274 479 296 496 de
307 479 347 496 labe
357 479 450 502 pravitatis
460 479 540 496 heretice
551 479 683 496 sententialiter
692 479 841 502 condempnatos.
850 480 870 496 In
881 479 947 502 quibus
954 479 1024 502 quidem
1033 485 1098 502 proces-

178 512 230 529 sibus
240 512 356 529 continentur
368 516 417 529 certe
431 512 551 529 remissiones
563 515 581 529 et
592 512 706 535 indulgentie
720 518 752 534 per
767 512 825 534 ipsum
839 512 931 529 dominum
945 518 1006 535 papam
1019 518 1097 529 concesse

178 545 247 562 Christi
257 548 275 562 et
285 545 363 562 ecclesie
373 545 458 562 fidelihus
469 551 489 562 ac
499 545 541 562 fidei
552 545 639 562 catholice
649 545 742 568 negotium
753 545 907 568 prosequentibus
917 548 978 562 contra
988 545 1043 562 dictos
1051 545 1098 562 here-

178 578 225 595 ticos
239 581 256 595 et
269 584 332 595 eorum
344 579 425 595 fautores
440 582 457 595 et
470 578 593 600 auxiliatores,
603 578 705 599 valitores⁴‚
717 584 805 601 sequaces
821 582 836 595 et
852 578 920 595 eisdem
933 578 1043 596 adherentes.
1054 578 1097 595 Idem

178 612 233 628 frater
242 612 308 628 Petrus
319 611 340 628 de
351 612 411 628 Palma
421 612 532 629 constitutus
542 611 645 634 specialiter
655 615 729 634 propter
739 611 773 628 hoc
786 612 803 628 in
817 612 893 629 ecclesia
906 612 953 628 beati
963 612 1046 629 Mederici
1055 612 1097 628 Pari-

178 645 246 662 siensis
256 644 300 662 hora
310 645 362 667 quasi
371 645 428 667 prima
436 645 457 662 ad
466 651 519 667 quarn
528 648 637 662 convenerat
644 645 707 668 populi
716 644 775 662 fidelis
785 645 881 662 multitudo
922 645 927 654 ¹
944 645 1006 662 Actum
1016 645 1033 661 in
1043 645 1097 662 eadem

177 678 255 695 ecclesia
270 677 318 695 beati
333 678 428 699 Mederici,
443 678 559 701 presentibus
575 678 711 695 venerabilibus
728 681 746 695 et
762 678 847 696 discretis
861 679 905 696 vivis
920 678 1009 701 magistris
1025 678 1096 696 ,Iohanne

177 711 253 732 Marine,
265 711 366 728 Guillevmo
380 711 402 728 de
416 712 505 733 Morsent,
514 712 599 729 Avroddo
612 712 699 728 canonico
712 712 795 734 ejusdem
810 712 893 733 ecclesie,
908 712 1006 729 Guillermo
1017 712 1038 729 de
1051 712 1098 729 Briti-

178 745 249 768 guiaco,
260 745 327 768 Egidio
339 745 406 762 clerico
419 745 495 768 capelle,
510 745 597 768 Mag-istro
610 745 690 762 Roberto
702 745 724 762 de
738 745 843 768 Quesneyo⁷
856 745 973 762 familiaribus
986 745 1026 762 dicti
1038 745 1097 762 domini

178 779 260 802 episcopi
277 779 393 799 Parisiensis,
411 779 498 802 magistro
515 779 597 796 Johanue
614 779 636 795 de
653 779 742 800 Brueriis,
759 779 829 796 notario
846 779 926 802 publico,
944 785 1012 796 necnon
1028 779 1098 796 dominis

178 812 276 829 Laurentio
287 812 374 829 canonico
385 812 470 839 ejusdem.
478 812 556 829 ecclesie
567 812 626 829 Sancti
634 812 730 834 Mederici,
738 812 812 829 Daniele
821 812 843 829 de
851 812 937 833 Parisius,
946 812 1021 835 Symone
1028 812 1098 833 Andrea,

178 845 277 869 capellanis
291 846 385 869 perpetuis
399 846 417 862 in
431 846 494 863 eadem
507 846 592 867 ecclesia,
603 845 694 869 Stephano
708 846 783 869 Malpas,
796 846 887 863 Bertaudo
900 846 922 863 de
936 846 978 862 Hala
989 849 1007 863 et
1018 845 1098 863 Gentiano

178 879 264 900 Tristani,
276 879 347 896 civibus
357 879 500 900 Parisiensibus,
511 879 589 896 testibus
599 879 621 896 ad
631 879 665 896 hec
675 880 743 896 vocatis
754 879 857 902 specialiter
867 883 885 896 et
894 879 968 902 rogatis.

221 912 293 929 Deinde
303 916 321 930 et
331 912 433 929 immediate
445 912 507 929 eadem
522 913 551 930 die
564 912 674 929 venerabilis
687 912 751 929 doctor
761 919 811 929 sacre
822 912 921 936 theologie,
931 912 1099 938 videlicet‘magisssr

177 946 241 963 Petrus
255 946 277 963 de
292 946 359 963 Palude
373 946 450 969 predicti
464 946 539 963 Ordinis
554 946 628 963 fratrum
639 946 782 968 Predicatorum,
795 946 814 962 in
825 946 910 969 hospitali
920 952 967 963 novo
977 946 1034 963 Sancti
1044 946 1099 963 Jacohi

176 985 234 1002 prope
246 983 316 1002 portam
329 979 377 997 beati
390 979 473 1002 Dyonisii
485 979 584 996 Parisiens.
597 979 641 996 hora
654 985 689 1002 qua
702 979 828 997 celebrabatur
839 979 907 996 ibidem
917 980 974 1002 major
983 979 1035 996 missa
1046 979 1109 1002 predi-¹

176 1018 219 1030 cans
238 1012 314 1030 verbum
334 1013 415 1030 divinum
435 1012 485 1030 fideli
505 1013 573 1035 populo
592 1013 610 1029 in
629 1013 703 1035 copiosa
723 1013 839 1030 multitudine
858 1012 903 1029 inibi
924 1016 1031 1036 congregato
1048 1012 1099 1030 dictos

176 1052 282 1068 processus,
291 1046 411 1063 remissiones
420 1049 438 1062 et
448 1046 572 1069 indulgentias
583 1049 600 1063 et
609 1049 669 1063 cetera
677 1046 695 1062 in
704 1046 773 1063 eisdem
781 1049 865 1063 contenta
874 1046 990 1069 processibus
998 1046 1018 1062 de
1026 1046 1099 1063 mandato

176 1079 220 1096 dicti
230 1079 348 1101 provincialis
359 1079 439 1102 dictique
449 1079 518 1096 domini
530 1079 611 1102 episcopi
622 1079 732 1096 Parisiensis
742 1079 807 1096 astanti
817 1074 885 1102 populo
895 1079 994 1096 solenniter
1004 1079 1100 1096 articulatim

176 1115 195 1129 et
204 1112 287 1129 studiose
298 1112 317 1128 in
327 1112 389 1134 lingua
400 1112 491 1129 materna‘
501 1112 586 1135 exposuit
594 1118 613 1129 ac
622 1112 675 1129 etiam
684 1112 789 1135 publicavit,
798 1112 910 1129 exhortando
920 1112 1005 1135 populum
1012 1112 1100 1129 affectuose

176 1151 232 1168 super
248 1145 303 1162 tantis
320 1145 461 1162 remissionibus
478 1148 496 1162 et
512 1145 633 1168 indulgentiis
650 1145 773 1168 acquirendis,
789 1145 818 1162 cui
832 1145 950 1168 publicationi
968 1148 985 1162 et
1002 1145 1100 1167 expositioni

175 1183 240 1194 omnes
248 1181 329 1195 astantes
339 1181 406 1195 attente
417 1181 435 1194 et
445 1181 551 1195 reverenter
561 1184 614 1195 suum
624 1178 738 1201 prebuerunt
748 1178 835 1195 auditum.
846 1179 910 1195 Actum
918 1178 984 1195 ibidem
995 1178 1100 1201 present-ibus

176 1210 219 1227 dicti
233 1210 302 1227 domini
316 1210 398 1233 episcopi
410 1210 531 1228 familiaribus
544 1214 562 1227 et
574 1211 661 1233 magistro
674 1211 756 1227 Johanne
767 1211 790 1228 de
800 1211 882 1228 Brueriis
892 1212 1000 1234 supradictis
1009 1214 1026 1228 et
1035 1211 1100 1229 Nicolao

176 1244 193 1260 le
210 1243 294 1266 Loqueti,
311 1243 395 1266 Philippo
412 1244 435 1261 de
449 1243 549 1264 Corneliis,
564 1243 634 1260 civibus
648 1243 790 1265 Pavisiensibus,
805 1244 859 1261 Petro
876 1244 899 1261 de
915 1244 1010 1266 Bruxellis,
1023 1245 1100 1268 magistro

177 1276 257 1294 Roberto
271 1276 294 1294 de
307 1276 384 1297 sanctifi,
398 1276 481 1294 Johanne
498 1276 520 1294 de
533 1276 697 1298 Centummicibus5
711 1277 789 1300 Symone
801 1277 824 1294 de
837 1277 902 1295 Sancto
912 1278 1015 1300 Benedicto,
1028 1277 1101 1302 Philippo

177 1309 306 1327 Moustarderii
317 1312 335 1326 et
345 1310 429 1332 pluribus
439 1310 480 1327 aliis
490 1310 513 1326 ad
522 1309 556 1327 hec
566 1310 635 1327 vocatis
645 1309 724 1327 testibus
734 1313 753 1326 et
762 1310 838 1333 rogatis.
