1273 1538
174 58 207 77 3'66
462 64 618 76 curtari-'tantun
635 64 729 76 nmvrns
746 64 810 75 Parus.
1039 56 1083 75 [1331

175 101 246 124 plenius
254 101 362 122 continetur„
371 102 422 124 cujus
430 101 493 118 cedule
503 101 567 118 dictam
577 100 714 124 appellationem
725 106 757 118 seu
768 100 912 123 provocationem
923 99 1029 116 continentis
1038 102 1084 116 tenor

176 134 257 151 noscitur
266 140 307 151 esse
317 134 358 151 talis
366 139 370 151 t

220 174 228 183 (t
236 167 281 184 Cum
289 166 421 189 appellationis,
427 169 459 184 etc*
467 169 487 183 ut
493 172 547 188 supra
555 169 573 183 n·
579 167 618 187 923,
625 171 677 189 usque
684 166 813 183 defendantur:
820 165 861 182 hinc
869 168 898 182 est
904 166 952 188 quod
960 171 999 182 cum
1007 165 1086 188 magister

176 199 239 216 Petrus
250 200 273 216 de
283 199 345 222 Capite
356 199 422 216 Stanno
433 199 518 221 magister
527 198 546 215 in
555 199 643 215 medicina
653 199 759 221 magistrum
769 198 882 221 Alphonsum
893 198 915 214 de
925 198 1024 220 portugalia
1033 198 1086 215 adhuc

176 238 212 249 non
222 232 311 255 ydoneum
323 238 355 248 nec
365 232 418 248 etiam
427 231 502 254 dignum
512 237 545 248 nec
553 234 633 254 tempore
643 231 751 254 competenti
760 231 859 248 venerabili
867 231 906 248 viro
916 231 988 247 domino
996 231 1086 248 Guiilelmo

175 265 282 282 cancellario
293 264 370 281 ecclesie
380 264 487 281 Parisiensis
497 270 529 287 pro
539 263 610 281 licemini
620 264 639 281 in
649 264 731 281 facultate
739 264 828 281 medicine
838 264 935 281 obtinenda
943 266 1086 287 presentasset...¹

175 298 245 318 [Petrus
256 297 278 314 de
288 297 350 320 Capite
361 297 427 319 Stagno
438 300 455 313 et
464 296 568 319 Alphonsus
578 297 600 313 de
610 297 718 320 Portugalia]
728 297 762 313 sub
772 297 834 314 colore
844 297 886 313 boni
897 303 946 313 suam
959 297 1048 320 cupientes
1057 297 1087 313 ini-

176 330 260 352 quitatem
272 335 304 346 seu
318 329 404 346 maliciam
419 329 513 346 defensare
528 329 549 346 ad
564 332 637 346 matrem
650 329 764 346 dominorum
778 335 859 346 meorum
873 329 1001 346 venerabilium
1015 330 1086 346 virorum

176 361 239 379 decani
255 365 273 378 et
286 362 414 384 magistrorum
428 362 517 380 facultatis
530 362 625 383 medicine,
639 362 725 379 videlicet
738 362 859 379 Parisiensem
875 362 1018 382 Universitatem.
1032 365 1088 379 contra

176 395 268 417 predictos
277 395 362 411 dominos
372 401 422 411 meos
432 395 519 411 decanum
530 398 547 411 et
556 395 652 417 magistros
659 395 748 412 facultatis
756 394 846 411 medicine
853 395 933 417 predicte
940 394 1003 411 frivole
1010 401 1089 417 provoca-

176 431 218 444 runt
228 431 245 444 et
255 428 307 444 etiam
322 427 440 450 appellarunt.
454 428 493 449 Que
507 427 578 450 quidem
594 428 706 444 Universitas
721 427 801 450 predicta
816 427 861 444 tales
875 428 1014 447 commissarios,
1027 428 1089 445 scilicet

175 460 282 483 magistrum
291 461 362 477 Petrum
373 460 395 477 de
405 460 497 477 Novavilla
507 463 595 477 rectorem
602 460 735 480 Universitatis.
745 460 851 483 magistrum
860 460 969 477 Germanum
977 460 1031 477 Celati
1040 461 1089 483 magi-

177 496 233 509 strum
243 493 263 509 in
273 492 370 515 theologia,
382 493 487 515 magistrum
497 492 613 510 Guillelrnum
624 492 645 509 de
656 492 742 509 Folcossa
753 492 858 515 magistrum
868 493 887 508 in
899 492 983 513 decretis,
994 492 1090 515 magistrum

177 525 251 542 Paulum
257 526 279 542 de
286 525 376 546 Narbona,
383 525 423 542 loco
430 525 551 548 procuratoris
558 525 675 546 Gallicorum⁷
681 525 786 548 magistrum
793 525 893 542 Iohannem
900 525 959 542 Maleti
967 528 1091 548 procuratorem

176 558 328 579 Normannorum,
339 561 357 575 et
367 558 471 580 magistrum
482 558 566 575 Thomnm
579 558 675 580 Anglieum
687 558 789 581 deputavit’
802 558 824 574 ad
834 558 944 574 audiendum
954 561 973 574 et
987 558 1092 575 referendum

177 591 236 608 omnia
246 597 281 613 que
292 597 314 607 ex
324 594 373 613 parte
383 591 469 607 dictarum
480 591 556 613 partium
567 594 712 613 proponerentur
722 596 781 607 coram
794 590 828 607 eis.
842 590 876 612 Qui
888 591 1005 607 commissarii
1018 591 1092 613 predicti=

177 626 227 645 parte
237 623 352 640 dominorum
365 629 446 639 rneornm
461 629 497 639 non
511 626 572 640 vocata
585 623 703 644 sufficienter,
719 623 740 639 ad
755 623 858 639 instantiam
873 623 961 639 dictorum
974 618 1092 645 appellantium

179 656 345 678 pronunciaverunt
358 659 376 672 et
387 655 524 672 declaraverunt
537 655 593 672 fuisse
606 655 715 678 appellatum
731 655 777 672 bene
789 658 807 672 et
822 655 903 678 legitime
915 661 937 672 ex
951 659 1001 678 parte
1013 655 1092 672 dictorum

177 688 305 711 appellantium
313 688 368 710 (nulla
379 688 483 710 cognitione
493 687 589 705 sufficienti
599 688 693 711 premissa)
704 691 722 705 et
731 688 790 705 eidem
801 688 917 711 appellationi
928 691 966 705 erat
973 688 1094 709 defferendum,

177 724 344 744 revocaveruntque
358 726 380 738 ex
389 721 466 744 abrupto
477 721 536 737 omnia
548 724 650 744 attemptata
664 721 680 738 si
692 727 727 743 que
742 724 793 738 erant
807 726 839 743 per
851 721 935 737 dominos
949 727 999 738 meos
1013 721 1095 744 predictos

177 757 237 771 contra
248 754 361 777 appellantes
371 754 462 777 predictos
473 760 509 771 non
519 754 590 777 cognita
605 754 627 771 de
640 754 762 777 appellatione
775 753 863 777 premisso
879 759 912 771 nec
926 754 948 771 de
962 754 1029 771 meritis
1038 754 1095 777 ipsius.

175 786 332 810 inhibueruntque
343 793 436 810 perperam
447 787 526 803 dominis
536 787 581 804 ineis
591 787 678 810 predictis
689 793 711 803 ne
722 786 813 809 pendente
825 786 930 809 hujusmodi
941 786 1057 810 appellatione
1067 793 1096 804 seu

176 820 305 842 provocatione
318 823 380 837 contra
390 820 441 842 ipsos
450 819 566 842 aliquomodo
576 820 697 843 procederent
707 823 768 836 contra
779 819 839 842 ipsos3
850 819 899 842 quod
909 820 924 836 si
937 820 1020 840 facerent,
1031 825 1051 836 ex
1060 823 1096 837 tunc

175 851 310 869 revocabant'i'n
321 851 391 868 irritum
402 854 497 874 antequam
506 851 528 868 de
538 852 607 868 meritis
617 851 676 875 ipsius
686 851 814 874 appellationis
822 857 854 868 seu
865 851 999 874 provocationis
1006 851 1098 874 inciperent

176 890 296 907 cognoscere
307 885 347 906 Que
357 884 445 907 premissa
456 890 488 907 per
498 884 556 901 dictos
566 884 702 901 commissarios
716 887 819 907 attemptata
834 890 870 901 non
884 887 912 901 est
927 884 1001 901 dubium
1015 890 1054 901 esse
1065 884 1097 906 juri

175 917 228 934 obvia
239 921 258 934 et
267 917 320 934 etiam
331 917 397 934 rationi
407 920 424 934 et
434 917 500 934 cedere
508 917 526 933 in
534 923 618 940 magnum
629 917 751 940 prejudicium
761 917 877 933 dominorum
888 923 969 934 meorum
977 917 1097 940 predictorum,

175 953 213 967 turn
227 956 249 967 ex
259 956 280 967 eo
291 950 332 973 quia
343 950 402 967 omnia
417 950 505 973 premissa
520 950 563 967 dicti
576 950 696 967 commissarii
708 953 774 967 temere
788 950 848 967 facere
861 953 1017 973 presumpserunt,
1027 949 1098 966 dominis

175 983 221 1000 meis
231 983 319 1006 predictis
330 989 366 1000 non
381 983 449 1000 vocatis
460 986 478 999 et
490 982 597 1000 absentibus
610 989 646 1000 non
661 988 693 1005 per
707 983 845 1004 contumaciam,
859 986 895 1000 tum
911 982 952 1005 quia
967 982 1009 999 dicti
1022 982 1098 999 commis-

175 1015 218 1032 sarii
232 1019 283 1032 erant
295 1015 411 1032 solummodo
424 1015 504 1038 deputati
514 1015 536 1031 ad
546 1015 656 1032 audiendum
667 1018 685 1032 et
695 1015 811 1032 referendum
822 1015 941 1038 proponenda
954 1021 1012 1032 coram
1027 1015 1069 1037 ipsis
1081 1020 1099 1031 ex

175 1051 226 1070 parte
235 1048 323 1064 dictarum
335 1048 418 1070 partium,
430 1051 467 1064 turn
477 1048 529 1064 etiarn
540 1048 581 1070 quia
592 1048 607 1064 si
617 1048 726 1065 habuissent
735 1051 843 1070 potestatem
853 1048 978 1070 cognoscendi
988 1051 1005 1064 et
1013 1047 1062 1064 etiam
1070 1047 1100 1064 dis>

175 1079 257 1101 liniendi⁷
273 1083 351 1097 attamen
363 1086 399 1097 non
412 1083 511 1103 potuerunt
523 1080 545 1096 de
555 1080 596 1102 jure
609 1080 687 1103 aliquam
701 1080 829 1097 inhibitionem
845 1080 903 1097 facere
918 1080 996 1097 dominis
1010 1080 1053 1097 meis
1064 1085 1100 1103 pre-

175 1112 235 1133 dictis,
247 1112 305 1129 donec
315 1112 379 1129 saltem
389 1118 503 1135 cognoscere
513 1112 626 1135 incepissent
635 1113 657 1129 de
668 1113 743 1129 veritate
756 1118 811 1129 cause
821 1112 849 1129 vel
860 1118 954 1129 causarum
966 1112 1022 1135 ipsius
1031 1112 1100 1135 appella<

174 1145 230 1162 tionis
238 1151 271 1161 seu
282 1145 425 1167 provocationis,
434 1150 467 1161 nec
475 1148 577 1167 attemptata
587 1145 648 1167 aliquo
657 1145 711 1162 inodo
722 1151 815 1166 revocare,
824 1145 882 1161 donec
893 1145 920 1162 eis
930 1145 981 1167 prins
991 1145 1100 1164 constitisset,

174 1180 225 1199 parte
238 1177 355 1194 dominorum
369 1183 451 1193 meorum
461 1177 512 1199 prius
521 1177 603 1199 legitime
614 1181 683 1198 vocata,
696 1178 754 1194 fuisse
766 1177 789 1194 ad
800 1177 866 1194 dictam
877 1177 1014 1194 Universitatem
1025 1183 1045 1194 ex
1054 1183 1101 1194 causa

174 1209 255 1232 legitima
266 1212 320 1232 atque
330 1215 372 1226 vera
381 1209 468 1226 canonice
476 1208 585 1231 appellatum
594 1215 626 1226 seu
635 1210 688 1226 etiam
697 1213 820 1232 provocatum.
830 1210 856 1225 Ex
864 1209 932 1231 quibus
941 1213 959 1226 et
967 1209 984 1226 in
995 1209 1059 1232 quibus
1067 1215 1102 1232 pre-

174 1241 237 1258 missis
247 1247 282 1264 ego
294 1241 388 1258 Johannes
396 1241 447 1263 Pipe,
458 1241 546 1263 magister
555 1241 573 1257 in
581 1241 678 1260 medicina,
687 1244 793 1264 procurator
801 1241 916 1258 dominorum
929 1247 1010 1258 meorum
1020 1241 1102 1264 predicto—

175 1279 215 1291 rum
226 1273 286 1290 locum
296 1276 362 1291 tenens
372 1273 436 1290 decani
447 1276 465 1290 et
475 1273 603 1296 magistrorum
613 1273 704 1291 facultatis
717 1273 814 1294 medicine,
822 1272 892 1290 habens
900 1273 972 1296 plenam
980 1276 1080 1296 potestatem
1088 1276 1103 1291 et

174 1306 278 1322 mandatum
289 1306 383 1322 sufficiens
393 1306 497 1328 appellandi
508 1309 526 1322 et
534 1306 643 1328 provocandi
655 1306 729 1322 nomine
738 1306 820 1327 ipsorum
829 1308 847 1322 et
856 1311 889 1327 pro
900 1306 951 1328 ipsis=
961 1306 1043 1322 senciens
1053 1312 1079 1323 me
1087 1309 1103 1324 et
