<?xml version="1.0" encoding="UTF-8"?>
<!DOCTYPE html PUBLIC "-//W3C//DTD XHTML 1.0 Transitional//EN"
    "http://www.w3.org/TR/xhtml1/DTD/xhtml1-transitional.dtd">
<html xmlns="http://www.w3.org/1999/xhtml" xml:lang="en" lang="en">
 <head>
  <title>
</title>
<meta http-equiv="Content-Type" content="text/html;charset=utf-8" />
  <meta name='ocr-system' content='tesseract 3.04.00' />
  <meta name='ocr-capabilities' content='ocr_page ocr_carea ocr_par ocr_line ocrx_word'/>
</head>
<body>
  <div class='ocr_page' id='page_1' title='image "./chartulariumuni00mogoog_0543.png"; bbox 0 0 1273 1538; ppageno 0'>
   <div class='ocr_carea' id='block_1_1' title="bbox 176 37 1092 56">
    <p class='ocr_par' dir='ltr' id='par_1_1' title="bbox 176 37 1092 56">
     <span class='ocr_line' id='line_1_1' title="bbox 176 37 1092 56; baseline -0.001 0"><span class='ocrx_word' id='word_1_1' title='bbox 176 39 209 56; x_wconf 85' lang='lat'>516</span> <span class='ocrx_word' id='word_1_2' title='bbox 463 43 621 56; x_wconf 59' lang='lat' dir='ltr'>cnsarummuu</span> <span class='ocrx_word' id='word_1_3' title='bbox 638 44 732 56; x_wconf 71' lang='lat' dir='ltr'>uuivsns.</span> <span class='ocrx_word' id='word_1_4' title='bbox 751 44 814 55; x_wconf 63' lang='lat' dir='ltr'>ranis.</span> <span class='ocrx_word' id='word_1_5' title='bbox 1048 37 1092 56; x_wconf 79' lang='lat'>[1341</span> 
     </span>
    </p>
   </div>
   <div class='ocr_carea' id='block_1_2' title="bbox 175 80 1101 1345">
    <p class='ocr_par' dir='ltr' id='par_1_2' title="bbox 176 80 1095 699">
     <span class='ocr_line' id='line_1_2' title="bbox 176 80 1092 104; baseline -0.001 -6"><span class='ocrx_word' id='word_1_6' title='bbox 176 81 199 98; x_wconf 83' lang='lat' dir='ltr'>de</span> <span class='ocrx_word' id='word_1_7' title='bbox 209 81 319 103; x_wconf 71' lang='lat' dir='ltr'>Manesliis‘,</span> <span class='ocrx_word' id='word_1_8' title='bbox 329 81 417 98; x_wconf 82' lang='lat' dir='ltr'>decanum</span> <span class='ocrx_word' id='word_1_9' title='bbox 427 84 446 98; x_wconf 86' lang='lat' dir='ltr'>et</span> <span class='ocrx_word' id='word_1_10' title='bbox 455 81 562 104; x_wconf 82' lang='lat' dir='ltr'>magistrum</span> <span class='ocrx_word' id='word_1_11' title='bbox 572 84 665 104; x_wconf 79' lang='lat' dir='ltr'>regentem</span> <span class='ocrx_word' id='word_1_12' title='bbox 676 81 694 97; x_wconf 86' lang='lat' dir='ltr'>in</span> <span class='ocrx_word' id='word_1_13' title='bbox 704 80 787 98; x_wconf 81' lang='lat' dir='ltr'>facultate</span> <span class='ocrx_word' id='word_1_14' title='bbox 796 80 887 104; x_wconf 73' lang='lat' dir='ltr'>theologie</span> <span class='ocrx_word' id='word_1_15' title='bbox 897 80 915 97; x_wconf 93' lang='lat' dir='ltr'>in</span> <span class='ocrx_word' id='word_1_16' title='bbox 926 80 1043 97; x_wconf 88' lang='lat' dir='ltr'>Universitate</span> <span class='ocrx_word' id='word_1_17' title='bbox 1050 81 1092 98; x_wconf 78' lang='lat' dir='ltr'>Pari·</span> 
     </span>
     <span class='ocr_line' id='line_1_3' title="bbox 176 114 1092 137; baseline -0.001 -6"><span class='ocrx_word' id='word_1_18' title='bbox 176 114 240 135; x_wconf 86' lang='lat' dir='ltr'>siensi,</span> <span class='ocrx_word' id='word_1_19' title='bbox 254 114 324 132; x_wconf 87' lang='lat' dir='ltr'>scilicet</span> <span class='ocrx_word' id='word_1_20' title='bbox 336 114 385 137; x_wconf 87' lang='lat' dir='ltr'>quod</span> <span class='ocrx_word' id='word_1_21' title='bbox 398 114 436 137; x_wconf 89' lang='lat' dir='ltr'>ipse</span> <span class='ocrx_word' id='word_1_22' title='bbox 448 114 535 137; x_wconf 77' lang='lat' dir='ltr'>magister</span> <span class='ocrx_word' id='word_1_23' title='bbox 548 115 614 137; x_wconf 86' lang='lat' dir='ltr'>Symon</span> <span class='ocrx_word' id='word_1_24' title='bbox 627 114 650 131; x_wconf 84' lang='lat' dir='ltr'>ad</span> <span class='ocrx_word' id='word_1_25' title='bbox 663 114 822 131; x_wconf 76' lang='lat' dir='ltr'><strong>denunciationem</strong></span> <span class='ocrx_word' id='word_1_26' title='bbox 835 117 852 131; x_wconf 89' lang='lat' dir='ltr'>et</span> <span class='ocrx_word' id='word_1_27' title='bbox 864 114 1008 137; x_wconf 73' lang='lat' dir='ltr'>requisitionem*</span> <span class='ocrx_word' id='word_1_28' title='bbox 1022 114 1092 131; x_wconf 69' lang='lat' dir='ltr'>rectoris</span> 
     </span>
     <span class='ocr_line' id='line_1_4' title="bbox 176 146 1092 171; baseline -0.001 -7"><span class='ocrx_word' id='word_1_29' title='bbox 176 153 210 170; x_wconf 85' lang='lat' dir='ltr'>pro</span> <span class='ocrx_word' id='word_1_30' title='bbox 226 151 307 171; x_wconf 87' lang='lat' dir='ltr'>tempore</span> <span class='ocrx_word' id='word_1_31' title='bbox 321 147 432 165; x_wconf 77' lang='lat' dir='ltr'>recusaverit</span> <span class='ocrx_word' id='word_1_32' title='bbox 446 153 479 164; x_wconf 90' lang='lat' dir='ltr'>seu</span> <span class='ocrx_word' id='word_1_33' title='bbox 490 147 570 164; x_wconf 74' lang='lat' dir='ltr'>indebite</span> <span class='ocrx_word' id='word_1_34' title='bbox 584 147 675 164; x_wconf 75' lang='lat' dir='ltr'>distulerit</span> <span class='ocrx_word' id='word_1_35' title='bbox 686 153 751 164; x_wconf 81' lang='lat' dir='ltr'>vocare</span> <span class='ocrx_word' id='word_1_36' title='bbox 764 147 861 170; x_wconf 81' lang='lat' dir='ltr'>magistros</span> <span class='ocrx_word' id='word_1_37' title='bbox 873 147 961 164; x_wconf 73' lang='lat' dir='ltr'>facultatis</span> <span class='ocrx_word' id='word_1_38' title='bbox 975 146 1062 170; x_wconf 76' lang='lat' dir='ltr'>theologie</span> <span class='ocrx_word' id='word_1_39' title='bbox 1073 147 1092 164; x_wconf 78' lang='lat' dir='ltr'>ad</span> 
     </span>
     <span class='ocr_line' id='line_1_5' title="bbox 176 179 1093 204; baseline 0 -7"><span class='ocrx_word' id='word_1_40' title='bbox 176 181 337 204; x_wconf 71' lang='lat' dir='ltr'>congregationem</span> <span class='ocrx_word' id='word_1_41' title='bbox 347 180 461 204; x_wconf 71' lang='lat' dir='ltr'>generalem,</span> <span class='ocrx_word' id='word_1_42' title='bbox 472 183 490 197; x_wconf 88' lang='lat' dir='ltr'>et</span> <span class='ocrx_word' id='word_1_43' title='bbox 499 180 575 203; x_wconf 89' lang='lat' dir='ltr'>quedam</span> <span class='ocrx_word' id='word_1_44' title='bbox 585 180 618 197; x_wconf 85' lang='lat' dir='ltr'>alia</span> <span class='ocrx_word' id='word_1_45' title='bbox 628 180 701 201; x_wconf 76' lang='lat' dir='ltr'>fecerat,</span> <span class='ocrx_word' id='word_1_46' title='bbox 714 184 733 198; x_wconf 92' lang='lat' dir='ltr'>ut</span> <span class='ocrx_word' id='word_1_47' title='bbox 746 180 846 201; x_wconf 86' lang='lat' dir='ltr'>dicebatur,</span> <span class='ocrx_word' id='word_1_48' title='bbox 859 184 920 197; x_wconf 83' lang='lat' dir='ltr'>contra</span> <span class='ocrx_word' id='word_1_49' title='bbox 929 180 970 202; x_wconf 87' lang='lat' dir='ltr'>jura</span> <span class='ocrx_word' id='word_1_50' title='bbox 979 183 996 196; x_wconf 88' lang='lat' dir='ltr'>et</span> <span class='ocrx_word' id='word_1_51' title='bbox 1008 179 1093 197; x_wconf 78' lang='lat' dir='ltr'>libertates</span> 
     </span>
     <span class='ocr_line' id='line_1_6' title="bbox 177 213 1093 237; baseline 0 -7"><span class='ocrx_word' id='word_1_52' title='bbox 177 214 255 231; x_wconf 87' lang='lat' dir='ltr'>rectorie</span> <span class='ocrx_word' id='word_1_53' title='bbox 267 217 285 231; x_wconf 94' lang='lat' dir='ltr'>et</span> <span class='ocrx_word' id='word_1_54' title='bbox 297 219 329 237; x_wconf 87' lang='lat' dir='ltr'>per</span> <span class='ocrx_word' id='word_1_55' title='bbox 341 219 457 236; x_wconf 76' lang='lat' dir='ltr'>consequens</span> <span class='ocrx_word' id='word_1_56' title='bbox 469 213 558 230; x_wconf 70' lang='lat' dir='ltr'>facultatis</span> <span class='ocrx_word' id='word_1_57' title='bbox 570 213 634 230; x_wconf 86' lang='lat' dir='ltr'>artium</span> <span class='ocrx_word' id='word_1_58' title='bbox 651 213 738 236; x_wconf 79' lang='lat' dir='ltr'>predicte,</span> <span class='ocrx_word' id='word_1_59' title='bbox 753 217 815 231; x_wconf 85' lang='lat' dir='ltr'>contra</span> <span class='ocrx_word' id='word_1_60' title='bbox 830 213 881 230; x_wconf 81' lang='lat' dir='ltr'>etiam</span> <span class='ocrx_word' id='word_1_61' title='bbox 894 214 1013 236; x_wconf 87' lang='lat' dir='ltr'>juramentum</span> <span class='ocrx_word' id='word_1_62' title='bbox 1025 213 1046 230; x_wconf 89' lang='lat' dir='ltr'>ab</span> <span class='ocrx_word' id='word_1_63' title='bbox 1057 214 1093 237; x_wconf 85' lang='lat' dir='ltr'>ipso</span> 
     </span>
     <span class='ocr_line' id='line_1_7' title="bbox 177 246 1093 270; baseline 0.001 -7"><span class='ocrx_word' id='word_1_64' title='bbox 177 246 265 270; x_wconf 83' lang='lat' dir='ltr'>magistro</span> <span class='ocrx_word' id='word_1_65' title='bbox 275 247 353 269; x_wconf 89' lang='lat' dir='ltr'>Symone</span> <span class='ocrx_word' id='word_1_66' title='bbox 363 246 410 264; x_wconf 81' lang='lat' dir='ltr'>dicte</span> <span class='ocrx_word' id='word_1_67' title='bbox 420 246 499 263; x_wconf 75' lang='lat' dir='ltr'>facultati</span> <span class='ocrx_word' id='word_1_68' title='bbox 511 246 575 263; x_wconf 87' lang='lat' dir='ltr'>artium</span> <span class='ocrx_word' id='word_1_69' title='bbox 586 246 628 264; x_wconf 89' lang='lat' dir='ltr'>olim</span> <span class='ocrx_word' id='word_1_70' title='bbox 639 247 734 270; x_wconf 83' lang='lat' dir='ltr'>prestitum</span> <span class='ocrx_word' id='word_1_71' title='bbox 745 250 813 264; x_wconf 88' lang='lat' dir='ltr'>temere</span> <span class='ocrx_word' id='word_1_72' title='bbox 825 246 914 264; x_wconf 86' lang='lat' dir='ltr'>veniendo</span> <span class='ocrx_word' id='word_1_73' title='bbox 924 252 928 263; x_wconf 77' lang='lat' dir='ltr'>t</span> <span class='ocrx_word' id='word_1_74' title='bbox 938 252 992 270; x_wconf 82' lang='lat' dir='ltr'>super</span> <span class='ocrx_word' id='word_1_75' title='bbox 1002 246 1064 269; x_wconf 86' lang='lat' dir='ltr'>quibus</span> <span class='ocrx_word' id='word_1_76' title='bbox 1073 246 1093 264; x_wconf 83' lang='lat' dir='ltr'>tis</span> 
     </span>
     <span class='ocr_line' id='line_1_8' title="bbox 178 279 1094 303; baseline 0.001 -7"><span class='ocrx_word' id='word_1_77' title='bbox 178 280 225 297; x_wconf 81' lang='lat' dir='ltr'>inter</span> <span class='ocrx_word' id='word_1_78' title='bbox 235 280 292 303; x_wconf 96' lang='lat' dir='ltr'>ipsam</span> <span class='ocrx_word' id='word_1_79' title='bbox 302 279 403 297; x_wconf 73' lang='lat' dir='ltr'>facultatem</span> <span class='ocrx_word' id='word_1_80' title='bbox 413 280 486 301; x_wconf 83' lang='lat' dir='ltr'>artium,</span> <span class='ocrx_word' id='word_1_81' title='bbox 494 283 583 296; x_wconf 84' lang='lat' dir='ltr'>rectorem</span> <span class='ocrx_word' id='word_1_82' title='bbox 591 283 608 297; x_wconf 92' lang='lat' dir='ltr'>et</span> <span class='ocrx_word' id='word_1_83' title='bbox 616 280 704 303; x_wconf 82' lang='lat' dir='ltr'>quosdam</span> <span class='ocrx_word' id='word_1_84' title='bbox 712 280 810 303; x_wconf 77' lang='lat' dir='ltr'>magistros</span> <span class='ocrx_word' id='word_1_85' title='bbox 818 280 865 297; x_wconf 91' lang='lat' dir='ltr'>dicte</span> <span class='ocrx_word' id='word_1_86' title='bbox 872 280 961 297; x_wconf 76' lang='lat' dir='ltr'>facultatis</span> <span class='ocrx_word' id='word_1_87' title='bbox 968 280 1029 297; x_wconf 89' lang='lat' dir='ltr'>artium</span> <span class='ocrx_word' id='word_1_88' title='bbox 1036 280 1094 303; x_wconf 74' lang='lat' dir='ltr'>vigore</span> 
     </span>
     <span class='ocr_line' id='line_1_9' title="bbox 178 313 1094 337; baseline 0.001 -7"><span class='ocrx_word' id='word_1_89' title='bbox 178 313 290 335; x_wconf 79' lang='lat' dir='ltr'>quarundam</span> <span class='ocrx_word' id='word_1_90' title='bbox 299 313 441 336; x_wconf 76' lang='lat' dir='ltr'>appellationum</span> <span class='ocrx_word' id='word_1_91' title='bbox 450 319 472 330; x_wconf 81' lang='lat' dir='ltr'>cx</span> <span class='ocrx_word' id='word_1_92' title='bbox 483 316 533 336; x_wconf 85' lang='lat' dir='ltr'>parte</span> <span class='ocrx_word' id='word_1_93' title='bbox 545 313 588 330; x_wconf 79' lang='lat' dir='ltr'>dicti</span> <span class='ocrx_word' id='word_1_94' title='bbox 598 313 680 337; x_wconf 80' lang='lat' dir='ltr'>magistri</span> <span class='ocrx_word' id='word_1_95' title='bbox 690 314 775 336; x_wconf 86' lang='lat' dir='ltr'>Symonis</span> <span class='ocrx_word' id='word_1_96' title='bbox 787 317 849 331; x_wconf 81' lang='lat' dir='ltr'>contra</span> <span class='ocrx_word' id='word_1_97' title='bbox 861 314 911 337; x_wconf 89' lang='lat' dir='ltr'>ipsos</span> <span class='ocrx_word' id='word_1_98' title='bbox 924 318 1017 335; x_wconf 77' lang='lat' dir='ltr'>rectorem,</span> <span class='ocrx_word' id='word_1_99' title='bbox 1028 314 1094 331; x_wconf 85' lang='lat' dir='ltr'>faculta-</span> 
     </span>
     <span class='ocr_line' id='line_1_10' title="bbox 177 346 1094 370; baseline 0.001 -7"><span class='ocrx_word' id='word_1_100' title='bbox 177 350 213 363; x_wconf 88' lang='lat' dir='ltr'>tem</span> <span class='ocrx_word' id='word_1_101' title='bbox 223 346 287 363; x_wconf 88' lang='lat' dir='ltr'>artium</span> <span class='ocrx_word' id='word_1_102' title='bbox 298 350 316 363; x_wconf 92' lang='lat' dir='ltr'>et</span> <span class='ocrx_word' id='word_1_103' title='bbox 325 347 422 370; x_wconf 84' lang='lat' dir='ltr'>magistros</span> <span class='ocrx_word' id='word_1_104' title='bbox 431 347 453 364; x_wconf 83' lang='lat' dir='ltr'>ad</span> <span class='ocrx_word' id='word_1_105' title='bbox 464 347 526 364; x_wconf 87' lang='lat' dir='ltr'>sedem</span> <span class='ocrx_word' id='word_1_106' title='bbox 536 346 654 370; x_wconf 78' lang='lat' dir='ltr'>apostolicam</span> <span class='ocrx_word' id='word_1_107' title='bbox 664 347 805 370; x_wconf 82' lang='lat' dir='ltr'>interjectarum,</span> <span class='ocrx_word' id='word_1_108' title='bbox 819 350 836 364; x_wconf 89' lang='lat' dir='ltr'>et</span> <span class='ocrx_word' id='word_1_109' title='bbox 849 353 881 370; x_wconf 91' lang='lat' dir='ltr'>per</span> <span class='ocrx_word' id='word_1_110' title='bbox 893 348 949 370; x_wconf 89' lang='lat' dir='ltr'>ipsam</span> <span class='ocrx_word' id='word_1_111' title='bbox 962 347 1020 365; x_wconf 81' lang='lat' dir='ltr'>sedem</span> <span class='ocrx_word' id='word_1_112' title='bbox 1033 347 1094 365; x_wconf 88' lang='lat' dir='ltr'>admis-</span> 
     </span>
     <span class='ocr_line' id='line_1_11' title="bbox 178 380 1094 403; baseline 0.002 -7"><span class='ocrx_word' id='word_1_113' title='bbox 178 386 237 397; x_wconf 85' lang='lat' dir='ltr'>sarum</span> <span class='ocrx_word' id='word_1_114' title='bbox 249 383 266 396; x_wconf 92' lang='lat' dir='ltr'>et</span> <span class='ocrx_word' id='word_1_115' title='bbox 282 380 366 403; x_wconf 76' lang='lat' dir='ltr'>rescripti</span> <span class='ocrx_word' id='word_1_116' title='bbox 378 380 474 402; x_wconf 84' lang='lat' dir='ltr'>apostolici</span> <span class='ocrx_word' id='word_1_117' title='bbox 482 386 538 403; x_wconf 85' lang='lat' dir='ltr'>super</span> <span class='ocrx_word' id='word_1_118' title='bbox 547 380 593 403; x_wconf 87' lang='lat' dir='ltr'>ipsis</span> <span class='ocrx_word' id='word_1_119' title='bbox 602 380 755 403; x_wconf 80' lang='lat' dir='ltr'>appellationibus</span> <span class='ocrx_word' id='word_1_120' title='bbox 766 380 854 403; x_wconf 88' lang='lat' dir='ltr'>impetrati</span> <span class='ocrx_word' id='word_1_121' title='bbox 865 380 972 402; x_wconf 75' lang='lat' dir='ltr'>vertebatur,</span> <span class='ocrx_word' id='word_1_122' title='bbox 984 386 1015 398; x_wconf 80' lang='lat' dir='ltr'>seu</span> <span class='ocrx_word' id='word_1_123' title='bbox 1025 381 1068 398; x_wconf 88' lang='lat' dir='ltr'>verti</span> <span class='ocrx_word' id='word_1_124' title='bbox 1079 384 1094 398; x_wconf 83' lang='lat' dir='ltr'>et</span> 
     </span>
     <span class='ocr_line' id='line_1_12' title="bbox 178 413 1095 437; baseline 0.001 -7"><span class='ocrx_word' id='word_1_125' title='bbox 178 413 246 430; x_wconf 89' lang='lat' dir='ltr'>moveri</span> <span class='ocrx_word' id='word_1_126' title='bbox 256 413 368 436; x_wconf 68' lang='lat' dir='ltr'>sperabatur,</span> <span class='ocrx_word' id='word_1_127' title='bbox 377 413 399 430; x_wconf 96' lang='lat' dir='ltr'>ad</span> <span class='ocrx_word' id='word_1_128' title='bbox 408 417 498 431; x_wconf 84' lang='lat' dir='ltr'>rectorem</span> <span class='ocrx_word' id='word_1_129' title='bbox 506 417 524 430; x_wconf 92' lang='lat' dir='ltr'>et</span> <span class='ocrx_word' id='word_1_130' title='bbox 531 413 632 431; x_wconf 74' lang='lat' dir='ltr'>facultatem</span> <span class='ocrx_word' id='word_1_131' title='bbox 639 413 731 436; x_wconf 80' lang='lat' dir='ltr'>predictos</span> <span class='ocrx_word' id='word_1_132' title='bbox 739 413 765 431; x_wconf 87' lang='lat' dir='ltr'>sic</span> <span class='ocrx_word' id='word_1_133' title='bbox 773 417 894 437; x_wconf 80' lang='lat' dir='ltr'>congregatos</span> <span class='ocrx_word' id='word_1_134' title='bbox 902 414 1019 437; x_wconf 83' lang='lat' dir='ltr'>personaliter</span> <span class='ocrx_word' id='word_1_135' title='bbox 1025 414 1095 431; x_wconf 86' lang='lat' dir='ltr'>accessit</span> 
     </span>
     <span class='ocr_line' id='line_1_13' title="bbox 178 447 1093 471; baseline 0 -7"><span class='ocrx_word' id='word_1_136' title='bbox 178 447 264 470; x_wconf 87' lang='lat' dir='ltr'>magister</span> <span class='ocrx_word' id='word_1_137' title='bbox 277 447 343 470; x_wconf 86' lang='lat' dir='ltr'>Symon</span> <span class='ocrx_word' id='word_1_138' title='bbox 357 447 437 470; x_wconf 89' lang='lat' dir='ltr'>prefatus</span> <span class='ocrx_word' id='word_1_139' title='bbox 449 453 485 464; x_wconf 86' lang='lat' dir='ltr'>una</span> <span class='ocrx_word' id='word_1_140' title='bbox 497 453 538 464; x_wconf 94' lang='lat' dir='ltr'>cum</span> <span class='ocrx_word' id='word_1_141' title='bbox 553 447 689 464; x_wconf 85' lang='lat' dir='ltr'>venerabilibus</span> <span class='ocrx_word' id='word_1_142' title='bbox 699 447 806 464; x_wconf 82' lang='lat' dir='ltr'>doctoribus</span> <span class='ocrx_word' id='word_1_143' title='bbox 818 448 908 471; x_wconf 74' lang='lat' dir='ltr'>magistris</span> <span class='ocrx_word' id='word_1_144' title='bbox 921 447 1008 464; x_wconf 79' lang='lat' dir='ltr'>Bertaudo</span> <span class='ocrx_word' id='word_1_145' title='bbox 1019 447 1093 468; x_wconf 89' lang='lat' dir='ltr'>Sorelli&#39;,</span> 
     </span>
     <span class='ocr_line' id='line_1_14' title="bbox 177 480 1093 504; baseline 0 -6"><span class='ocrx_word' id='word_1_146' title='bbox 177 480 276 498; x_wconf 88' lang='lat' dir='ltr'>Guillelmo</span> <span class='ocrx_word' id='word_1_147' title='bbox 286 481 309 498; x_wconf 92' lang='lat' dir='ltr'>de</span> <span class='ocrx_word' id='word_1_148' title='bbox 317 480 419 502; x_wconf 76' lang='lat' dir='ltr'>Lumhris⁷,</span> <span class='ocrx_word' id='word_1_149' title='bbox 429 480 511 498; x_wconf 86' lang='lat' dir='ltr'>Johanne</span> <span class='ocrx_word' id='word_1_150' title='bbox 521 481 544 498; x_wconf 87' lang='lat' dir='ltr'>de</span> <span class='ocrx_word' id='word_1_151' title='bbox 555 481 681 500; x_wconf 68' lang='lat' dir='ltr'>Warnierua&#39;,</span> <span class='ocrx_word' id='word_1_152' title='bbox 694 484 712 498; x_wconf 88' lang='lat' dir='ltr'>et</span> <span class='ocrx_word' id='word_1_153' title='bbox 724 480 806 498; x_wconf 81' lang='lat' dir='ltr'>Johanue</span> <span class='ocrx_word' id='word_1_154' title='bbox 819 481 842 498; x_wconf 91' lang='lat' dir='ltr'>de</span> <span class='ocrx_word' id='word_1_155' title='bbox 852 481 950 502; x_wconf 78' lang='lat' dir='ltr'>Oratorio⁵,</span> <span class='ocrx_word' id='word_1_156' title='bbox 963 481 1050 504; x_wconf 74' lang='lat' dir='ltr'>magistris</span> <span class='ocrx_word' id='word_1_157' title='bbox 1058 484 1093 498; x_wconf 84' lang='lat' dir='ltr'>actu</span> 
     </span>
     <span class='ocr_line' id='line_1_15' title="bbox 176 514 1094 538; baseline 0 -7"><span class='ocrx_word' id='word_1_158' title='bbox 176 514 284 537; x_wconf 84' lang='lat' dir='ltr'>regentibus</span> <span class='ocrx_word' id='word_1_159' title='bbox 296 515 315 531; x_wconf 93' lang='lat' dir='ltr'>in</span> <span class='ocrx_word' id='word_1_160' title='bbox 326 514 409 531; x_wconf 79' lang='lat' dir='ltr'>facultate</span> <span class='ocrx_word' id='word_1_161' title='bbox 421 514 514 537; x_wconf 83' lang='lat' dir='ltr'>theologie</span> <span class='ocrx_word' id='word_1_162' title='bbox 528 514 546 531; x_wconf 89' lang='lat' dir='ltr'>iu</span> <span class='ocrx_word' id='word_1_163' title='bbox 560 514 682 532; x_wconf 85' lang='lat' dir='ltr'>Universitate</span> <span class='ocrx_word' id='word_1_164' title='bbox 694 514 799 535; x_wconf 68' lang='lat' dir='ltr'>Parisiensi,</span> <span class='ocrx_word' id='word_1_165' title='bbox 813 514 860 531; x_wconf 77' lang='lat' dir='ltr'>dicto</span> <span class='ocrx_word' id='word_1_166' title='bbox 873 514 959 537; x_wconf 81' lang='lat' dir='ltr'>magistro</span> <span class='ocrx_word' id='word_1_167' title='bbox 972 515 1042 538; x_wconf 85' lang='lat' dir='ltr'>Symoni</span> <span class='ocrx_word' id='word_1_168' title='bbox 1054 515 1094 532; x_wconf 88' lang='lat' dir='ltr'>assi-</span> 
     </span>
     <span class='ocr_line' id='line_1_16' title="bbox 177 547 1095 571; baseline 0 -7"><span class='ocrx_word' id='word_1_169' title='bbox 177 548 274 569; x_wconf 87' lang='lat' dir='ltr'>stentibus,</span> <span class='ocrx_word' id='word_1_170' title='bbox 283 551 300 565; x_wconf 90' lang='lat' dir='ltr'>et</span> <span class='ocrx_word' id='word_1_171' title='bbox 310 548 370 571; x_wconf 87' lang='lat' dir='ltr'>ipsum</span> <span class='ocrx_word' id='word_1_172' title='bbox 380 547 515 569; x_wconf 77' lang='lat' dir='ltr'>comitantibus,</span> <span class='ocrx_word' id='word_1_173' title='bbox 524 551 542 564; x_wconf 90' lang='lat' dir='ltr'>et</span> <span class='ocrx_word' id='word_1_174' title='bbox 549 548 680 570; x_wconf 72' lang='lat' dir='ltr'>protestatione</span> <span class='ocrx_word' id='word_1_175' title='bbox 690 554 722 571; x_wconf 90' lang='lat' dir='ltr'>per</span> <span class='ocrx_word' id='word_1_176' title='bbox 730 548 790 571; x_wconf 88' lang='lat' dir='ltr'>ipsum</span> <span class='ocrx_word' id='word_1_177' title='bbox 799 548 903 571; x_wconf 77' lang='lat' dir='ltr'>magistrum</span> <span class='ocrx_word' id='word_1_178' title='bbox 912 548 1006 571; x_wconf 75' lang='lat' dir='ltr'>Symonem</span> <span class='ocrx_word' id='word_1_179' title='bbox 1013 548 1030 565; x_wconf 87' lang='lat' dir='ltr'>in</span> <span class='ocrx_word' id='word_1_180' title='bbox 1039 548 1095 571; x_wconf 86' lang='lat' dir='ltr'>primis</span> 
     </span>
     <span class='ocr_line' id='line_1_17' title="bbox 176 581 1095 605; baseline 0 -7"><span class='ocrx_word' id='word_1_181' title='bbox 176 581 228 603; x_wconf 87' lang='lat' dir='ltr'>facta,</span> <span class='ocrx_word' id='word_1_182' title='bbox 238 581 287 604; x_wconf 85' lang='lat' dir='ltr'>quod</span> <span class='ocrx_word' id='word_1_183' title='bbox 295 581 311 598; x_wconf 94' lang='lat' dir='ltr'>si</span> <span class='ocrx_word' id='word_1_184' title='bbox 322 587 353 604; x_wconf 91' lang='lat' dir='ltr'>per</span> <span class='ocrx_word' id='word_1_185' title='bbox 363 581 420 604; x_wconf 81' lang='lat' dir='ltr'>ipsam</span> <span class='ocrx_word' id='word_1_186' title='bbox 430 581 532 598; x_wconf 82' lang='lat' dir='ltr'>facultatem</span> <span class='ocrx_word' id='word_1_187' title='bbox 542 581 607 598; x_wconf 81' lang='lat' dir='ltr'>artium</span> <span class='ocrx_word' id='word_1_188' title='bbox 617 581 724 604; x_wconf 75' lang='lat' dir='ltr'>supplicatio</span> <span class='ocrx_word' id='word_1_189' title='bbox 733 587 765 598; x_wconf 92' lang='lat' dir='ltr'>sua</span> <span class='ocrx_word' id='word_1_190' title='bbox 775 581 852 598; x_wconf 86' lang='lat' dir='ltr'>inferius</span> <span class='ocrx_word' id='word_1_191' title='bbox 862 581 958 605; x_wconf 79' lang='lat' dir='ltr'>descripta,</span> <span class='ocrx_word' id='word_1_192' title='bbox 965 587 1015 604; x_wconf 89' lang='lat' dir='ltr'>quam</span> <span class='ocrx_word' id='word_1_193' title='bbox 1023 582 1095 599; x_wconf 81' lang='lat' dir='ltr'>facturus</span> 
     </span>
     <span class='ocr_line' id='line_1_18' title="bbox 176 614 1095 638; baseline 0 -7"><span class='ocrx_word' id='word_1_194' title='bbox 176 618 256 636; x_wconf 85' lang='lat' dir='ltr'>venerat,</span> <span class='ocrx_word' id='word_1_195' title='bbox 267 620 304 631; x_wconf 87' lang='lat' dir='ltr'>non</span> <span class='ocrx_word' id='word_1_196' title='bbox 314 614 440 632; x_wconf 89' lang='lat' dir='ltr'>admitteretur</span> <span class='ocrx_word' id='word_1_197' title='bbox 449 620 483 637; x_wconf 88' lang='lat' dir='ltr'>per</span> <span class='ocrx_word' id='word_1_198' title='bbox 492 614 537 631; x_wconf 89' lang='lat' dir='ltr'>viam</span> <span class='ocrx_word' id='word_1_199' title='bbox 544 614 615 637; x_wconf 89' lang='lat' dir='ltr'>justitie</span> <span class='ocrx_word' id='word_1_200' title='bbox 625 620 658 632; x_wconf 91' lang='lat' dir='ltr'>seu</span> <span class='ocrx_word' id='word_1_201' title='bbox 668 615 732 638; x_wconf 83' lang='lat' dir='ltr'>gratie,</span> <span class='ocrx_word' id='word_1_202' title='bbox 745 620 781 631; x_wconf 88' lang='lat' dir='ltr'>non</span> <span class='ocrx_word' id='word_1_203' title='bbox 791 614 897 632; x_wconf 77' lang='lat' dir='ltr'>intendebat</span> <span class='ocrx_word' id='word_1_204' title='bbox 906 614 1052 638; x_wconf 77' lang='lat' dir='ltr'>appellationibus</span> <span class='ocrx_word' id='word_1_205' title='bbox 1061 615 1095 632; x_wconf 83' lang='lat' dir='ltr'>suis</span> 
     </span>
     <span class='ocr_line' id='line_1_19' title="bbox 176 647 1095 671; baseline 0 -6"><span class='ocrx_word' id='word_1_206' title='bbox 176 651 194 665; x_wconf 90' lang='lat' dir='ltr'>et</span> <span class='ocrx_word' id='word_1_207' title='bbox 205 648 265 665; x_wconf 85' lang='lat' dir='ltr'>causis</span> <span class='ocrx_word' id='word_1_208' title='bbox 278 648 358 671; x_wconf 87' lang='lat' dir='ltr'>ipsarum</span> <span class='ocrx_word' id='word_1_209' title='bbox 370 647 512 671; x_wconf 77' lang='lat' dir='ltr'>appellationum</span> <span class='ocrx_word' id='word_1_210' title='bbox 523 648 608 671; x_wconf 90' lang='lat' dir='ltr'>superius</span> <span class='ocrx_word' id='word_1_211' title='bbox 618 648 750 671; x_wconf 76' lang='lat' dir='ltr'>descriptarum</span> <span class='ocrx_word' id='word_1_212' title='bbox 761 654 794 671; x_wconf 85' lang='lat' dir='ltr'>per</span> <span class='ocrx_word' id='word_1_213' title='bbox 804 654 824 665; x_wconf 87' lang='lat' dir='ltr'>ea</span> <span class='ocrx_word' id='word_1_214' title='bbox 835 654 870 671; x_wconf 89' lang='lat' dir='ltr'>que</span> <span class='ocrx_word' id='word_1_215' title='bbox 880 652 918 665; x_wconf 86' lang='lat' dir='ltr'>erat</span> <span class='ocrx_word' id='word_1_216' title='bbox 926 648 1004 665; x_wconf 83' lang='lat' dir='ltr'>dicturus</span> <span class='ocrx_word' id='word_1_217' title='bbox 1014 649 1031 665; x_wconf 83' lang='lat' dir='ltr'>in</span> <span class='ocrx_word' id='word_1_218' title='bbox 1041 648 1095 671; x_wconf 83' lang='lat' dir='ltr'>aliquo</span> 
     </span>
     <span class='ocr_line' id='line_1_20' title="bbox 176 681 540 699; baseline -0.003 0"><span class='ocrx_word' id='word_1_219' title='bbox 176 682 284 699; x_wconf 88' lang='lat' dir='ltr'>renunciare</span> <span class='ocrx_word' id='word_1_220' title='bbox 294 688 327 699; x_wconf 85' lang='lat' dir='ltr'>nec</span> <span class='ocrx_word' id='word_1_221' title='bbox 335 681 421 699; x_wconf 84' lang='lat' dir='ltr'>recedere</span> <span class='ocrx_word' id='word_1_222' title='bbox 431 681 453 698; x_wconf 90' lang='lat' dir='ltr'>ab</span> <span class='ocrx_word' id='word_1_223' title='bbox 464 682 540 699; x_wconf 79' lang='lat' dir='ltr'>eisdem.</span> 
     </span>
    </p>

    <p class='ocr_par' dir='ltr' id='par_1_3' title="bbox 175 715 1100 1174">
     <span class='ocr_line' id='line_1_21' title="bbox 222 715 1095 738; baseline 0 -6"><span class='ocrx_word' id='word_1_224' title='bbox 222 715 259 732; x_wconf 88' lang='lat' dir='ltr'>Sub</span> <span class='ocrx_word' id='word_1_225' title='bbox 269 721 304 738; x_wconf 83' lang='lat' dir='ltr'>qua</span> <span class='ocrx_word' id='word_1_226' title='bbox 314 715 387 738; x_wconf 86' lang='lat' dir='ltr'>quidem</span> <span class='ocrx_word' id='word_1_227' title='bbox 397 715 528 738; x_wconf 80' lang='lat' dir='ltr'>protestatione</span> <span class='ocrx_word' id='word_1_228' title='bbox 538 715 619 738; x_wconf 87' lang='lat' dir='ltr'>prefatus</span> <span class='ocrx_word' id='word_1_229' title='bbox 627 715 713 738; x_wconf 85' lang='lat' dir='ltr'>magister</span> <span class='ocrx_word' id='word_1_230' title='bbox 721 715 789 738; x_wconf 79' lang='lat' dir='ltr'>Symon</span> <span class='ocrx_word' id='word_1_231' title='bbox 797 715 847 735; x_wconf 78' lang='lat' dir='ltr'>dixit,</span> <span class='ocrx_word' id='word_1_232' title='bbox 856 715 904 738; x_wconf 92' lang='lat' dir='ltr'>quod</span> <span class='ocrx_word' id='word_1_233' title='bbox 912 715 947 732; x_wconf 93' lang='lat' dir='ltr'>sibi</span> <span class='ocrx_word' id='word_1_234' title='bbox 955 715 1095 738; x_wconf 80' lang='lat' dir='ltr'>quamplurimum</span> 
     </span>
     <span class='ocr_line' id='line_1_22' title="bbox 176 748 1096 773; baseline 0 -7"><span class='ocrx_word' id='word_1_235' title='bbox 176 749 295 773; x_wconf 81' lang='lat' dir='ltr'>displicuerat</span> <span class='ocrx_word' id='word_1_236' title='bbox 302 752 320 766; x_wconf 90' lang='lat' dir='ltr'>et</span> <span class='ocrx_word' id='word_1_237' title='bbox 330 748 438 773; x_wconf 79' lang='lat' dir='ltr'>displicebat</span> <span class='ocrx_word' id='word_1_238' title='bbox 448 748 515 766; x_wconf 83' lang='lat' dir='ltr'>habere</span> <span class='ocrx_word' id='word_1_239' title='bbox 525 749 575 766; x_wconf 85' lang='lat' dir='ltr'>litem</span> <span class='ocrx_word' id='word_1_240' title='bbox 583 755 624 766; x_wconf 83' lang='lat' dir='ltr'>cuni</span> <span class='ocrx_word' id='word_1_241' title='bbox 634 748 681 766; x_wconf 83' lang='lat' dir='ltr'>dicta</span> <span class='ocrx_word' id='word_1_242' title='bbox 691 749 775 766; x_wconf 82' lang='lat' dir='ltr'>facultate</span> <span class='ocrx_word' id='word_1_243' title='bbox 785 749 856 771; x_wconf 67' lang='lat' dir='ltr'>artium,</span> <span class='ocrx_word' id='word_1_244' title='bbox 868 755 900 766; x_wconf 84' lang='lat' dir='ltr'>uec</span> <span class='ocrx_word' id='word_1_245' title='bbox 911 755 950 766; x_wconf 92' lang='lat' dir='ltr'>cum</span> <span class='ocrx_word' id='word_1_246' title='bbox 960 748 1016 772; x_wconf 83' lang='lat' dir='ltr'>aliqua</span> <span class='ocrx_word' id='word_1_247' title='bbox 1025 755 1096 773; x_wconf 84' lang='lat' dir='ltr'>persona</span> 
     </span>
     <span class='ocr_line' id='line_1_23' title="bbox 176 783 1096 806; baseline 0 -6"><span class='ocrx_word' id='word_1_248' title='bbox 176 783 267 806; x_wconf 67' lang='lat' dir='ltr'>ejusdem3</span> <span class='ocrx_word' id='word_1_249' title='bbox 283 783 324 806; x_wconf 84' lang='lat' dir='ltr'>quia</span> <span class='ocrx_word' id='word_1_250' title='bbox 338 789 347 800; x_wconf 97' lang='lat' dir='ltr'>a</span> <span class='ocrx_word' id='word_1_251' title='bbox 361 783 433 806; x_wconf 84' lang='lat' dir='ltr'>magnis</span> <span class='ocrx_word' id='word_1_252' title='bbox 446 783 560 806; x_wconf 82' lang='lat' dir='ltr'>temporibus</span> <span class='ocrx_word' id='word_1_253' title='bbox 573 786 591 800; x_wconf 85' lang='lat' dir='ltr'>et</span> <span class='ocrx_word' id='word_1_254' title='bbox 604 789 637 806; x_wconf 89' lang='lat' dir='ltr'>per</span> <span class='ocrx_word' id='word_1_255' title='bbox 652 789 716 806; x_wconf 87' lang='lat' dir='ltr'>magna</span> <span class='ocrx_word' id='word_1_256' title='bbox 730 786 811 806; x_wconf 80' lang='lat' dir='ltr'>tempora</span> <span class='ocrx_word' id='word_1_257' title='bbox 825 783 883 800; x_wconf 80' lang='lat' dir='ltr'>fuerat</span> <span class='ocrx_word' id='word_1_258' title='bbox 897 787 915 800; x_wconf 92' lang='lat' dir='ltr'>et</span> <span class='ocrx_word' id='word_1_259' title='bbox 928 786 965 800; x_wconf 87' lang='lat' dir='ltr'>erat</span> <span class='ocrx_word' id='word_1_260' title='bbox 974 783 1042 806; x_wconf 88' lang='lat' dir='ltr'>juratus</span> <span class='ocrx_word' id='word_1_261' title='bbox 1053 783 1096 800; x_wconf 82' lang='lat' dir='ltr'>dicte</span> 
     </span>
     <span class='ocr_line' id='line_1_24' title="bbox 175 816 1096 840; baseline 0 -7"><span class='ocrx_word' id='word_1_262' title='bbox 175 816 265 834; x_wconf 80' lang='lat' dir='ltr'>facultatis</span> <span class='ocrx_word' id='word_1_263' title='bbox 275 817 340 834; x_wconf 86' lang='lat' dir='ltr'>artium</span> <span class='ocrx_word' id='word_1_264' title='bbox 350 820 368 834; x_wconf 88' lang='lat' dir='ltr'>et</span> <span class='ocrx_word' id='word_1_265' title='bbox 377 816 434 840; x_wconf 85' lang='lat' dir='ltr'>ipsam</span> <span class='ocrx_word' id='word_1_266' title='bbox 445 816 546 834; x_wconf 75' lang='lat' dir='ltr'>facultatem</span> <span class='ocrx_word' id='word_1_267' title='bbox 557 816 645 834; x_wconf 77' lang='lat' dir='ltr'>dilexerat</span> <span class='ocrx_word' id='word_1_268' title='bbox 656 820 675 834; x_wconf 90' lang='lat' dir='ltr'>et</span> <span class='ocrx_word' id='word_1_269' title='bbox 684 816 781 840; x_wconf 79' lang='lat' dir='ltr'>diligebat3</span> <span class='ocrx_word' id='word_1_270' title='bbox 795 823 829 834; x_wconf 83' lang='lat' dir='ltr'>nec</span> <span class='ocrx_word' id='word_1_271' title='bbox 841 823 919 840; x_wconf 79' lang='lat' dir='ltr'>uuquam</span> <span class='ocrx_word' id='word_1_272' title='bbox 932 817 965 834; x_wconf 81' lang='lat' dir='ltr'>fuit</span> <span class='ocrx_word' id='word_1_273' title='bbox 976 816 1055 834; x_wconf 81' lang='lat' dir='ltr'>voluntas</span> <span class='ocrx_word' id='word_1_274' title='bbox 1068 823 1096 834; x_wconf 80' lang='lat' dir='ltr'>sua</span> 
     </span>
     <span class='ocr_line' id='line_1_25' title="bbox 175 850 1096 874; baseline 0 -7"><span class='ocrx_word' id='word_1_275' title='bbox 175 850 244 873; x_wconf 87' lang='lat' dir='ltr'>aliquid</span> <span class='ocrx_word' id='word_1_276' title='bbox 254 854 317 868; x_wconf 86' lang='lat' dir='ltr'>contra</span> <span class='ocrx_word' id='word_1_277' title='bbox 327 850 384 874; x_wconf 85' lang='lat' dir='ltr'>ipsam</span> <span class='ocrx_word' id='word_1_278' title='bbox 394 850 496 867; x_wconf 75' lang='lat' dir='ltr'>facultatem</span> <span class='ocrx_word' id='word_1_279' title='bbox 506 850 578 872; x_wconf 73' lang='lat' dir='ltr'>artium,</span> <span class='ocrx_word' id='word_1_280' title='bbox 589 856 622 867; x_wconf 89' lang='lat' dir='ltr'>seu</span> <span class='ocrx_word' id='word_1_281' title='bbox 629 850 671 873; x_wconf 87' lang='lat' dir='ltr'>jura</span> <span class='ocrx_word' id='word_1_282' title='bbox 681 850 763 873; x_wconf 86' lang='lat' dir='ltr'>ejusdem</span> <span class='ocrx_word' id='word_1_283' title='bbox 774 854 805 867; x_wconf 93' lang='lat' dir='ltr'>aut</span> <span class='ocrx_word' id='word_1_284' title='bbox 816 850 892 867; x_wconf 84' lang='lat' dir='ltr'>rectorie</span> <span class='ocrx_word' id='word_1_285' title='bbox 904 850 984 867; x_wconf 89' lang='lat' dir='ltr'>indebite</span> <span class='ocrx_word' id='word_1_286' title='bbox 993 854 1096 873; x_wconf 72' lang='lat' dir='ltr'>attemptare,</span> 
     </span>
     <span class='ocr_line' id='line_1_26' title="bbox 177 883 1097 907; baseline 0 -6"><span class='ocrx_word' id='word_1_287' title='bbox 177 890 209 901; x_wconf 91' lang='lat' dir='ltr'>nec</span> <span class='ocrx_word' id='word_1_288' title='bbox 220 887 282 901; x_wconf 82' lang='lat' dir='ltr'>contra</span> <span class='ocrx_word' id='word_1_289' title='bbox 296 884 370 907; x_wconf 87' lang='lat' dir='ltr'>aliquod</span> <span class='ocrx_word' id='word_1_290' title='bbox 382 883 498 907; x_wconf 81' lang='lat' dir='ltr'>suppositum</span> <span class='ocrx_word' id='word_1_291' title='bbox 508 883 598 901; x_wconf 77' lang='lat' dir='ltr'>facultatis</span> <span class='ocrx_word' id='word_1_292' title='bbox 607 883 697 907; x_wconf 82' lang='lat' dir='ltr'>ejusdem,</span> <span class='ocrx_word' id='word_1_293' title='bbox 708 887 726 901; x_wconf 91' lang='lat' dir='ltr'>et</span> <span class='ocrx_word' id='word_1_294' title='bbox 736 884 751 901; x_wconf 89' lang='lat' dir='ltr'>si</span> <span class='ocrx_word' id='word_1_295' title='bbox 764 887 856 901; x_wconf 87' lang='lat' dir='ltr'>constaret</span> <span class='ocrx_word' id='word_1_296' title='bbox 867 884 967 907; x_wconf 78' lang='lat' dir='ltr'>aliqualiter</span> <span class='ocrx_word' id='word_1_297' title='bbox 977 884 1025 906; x_wconf 85' lang='lat' dir='ltr'>quod</span> <span class='ocrx_word' id='word_1_298' title='bbox 1033 887 1097 901; x_wconf 88' lang='lat' dir='ltr'>contra-</span> 
     </span>
     <span class='ocr_line' id='line_1_27' title="bbox 176 917 1098 941; baseline 0 -7"><span class='ocrx_word' id='word_1_299' title='bbox 176 917 222 934; x_wconf 88' lang='lat' dir='ltr'>rium</span> <span class='ocrx_word' id='word_1_300' title='bbox 232 917 303 936; x_wconf 75' lang='lat' dir='ltr'>fecerit,</span> <span class='ocrx_word' id='word_1_301' title='bbox 316 917 365 940; x_wconf 88' lang='lat' dir='ltr'>quod</span> <span class='ocrx_word' id='word_1_302' title='bbox 378 923 415 934; x_wconf 88' lang='lat' dir='ltr'>non</span> <span class='ocrx_word' id='word_1_303' title='bbox 428 917 521 938; x_wconf 76' lang='lat' dir='ltr'>credebat,</span> <span class='ocrx_word' id='word_1_304' title='bbox 533 917 655 934; x_wconf 83' lang='lat' dir='ltr'>libentissime</span> <span class='ocrx_word' id='word_1_305' title='bbox 667 917 773 934; x_wconf 85' lang='lat' dir='ltr'>emendaret</span> <span class='ocrx_word' id='word_1_306' title='bbox 784 917 807 934; x_wconf 87' lang='lat' dir='ltr'>ad</span> <span class='ocrx_word' id='word_1_307' title='bbox 822 917 953 934; x_wconf 75' lang='lat' dir='ltr'>ordinationem</span> <span class='ocrx_word' id='word_1_308' title='bbox 966 917 1052 934; x_wconf 75' lang='lat' dir='ltr'>facultatis</span> <span class='ocrx_word' id='word_1_309' title='bbox 1063 924 1098 941; x_wconf 64' lang='lat' dir='ltr'>pre&gt;</span> 
     </span>
     <span class='ocr_line' id='line_1_28' title="bbox 176 950 1097 974; baseline 0.001 -7"><span class='ocrx_word' id='word_1_310' title='bbox 176 950 231 972; x_wconf 70' lang='lat' dir='ltr'>dicte,</span> <span class='ocrx_word' id='word_1_311' title='bbox 241 950 270 968; x_wconf 90' lang='lat' dir='ltr'>vel</span> <span class='ocrx_word' id='word_1_312' title='bbox 280 951 378 974; x_wconf 80' lang='lat' dir='ltr'>suppositi,</span> <span class='ocrx_word' id='word_1_313' title='bbox 389 954 451 968; x_wconf 81' lang='lat' dir='ltr'>contra</span> <span class='ocrx_word' id='word_1_314' title='bbox 461 950 510 973; x_wconf 85' lang='lat' dir='ltr'>quod</span> <span class='ocrx_word' id='word_1_315' title='bbox 521 950 580 968; x_wconf 82' lang='lat' dir='ltr'>taliter</span> <span class='ocrx_word' id='word_1_316' title='bbox 590 954 648 968; x_wconf 82' lang='lat' dir='ltr'>actum</span> <span class='ocrx_word' id='word_1_317' title='bbox 658 954 713 968; x_wconf 69' lang='lat' dir='ltr'>esset⁴</span> <span class='ocrx_word' id='word_1_318' title='bbox 725 951 747 968; x_wconf 84' lang='lat' dir='ltr'>Et</span> <span class='ocrx_word' id='word_1_319' title='bbox 757 950 866 973; x_wconf 82' lang='lat' dir='ltr'>supplicavit</span> <span class='ocrx_word' id='word_1_320' title='bbox 876 951 929 968; x_wconf 85' lang='lat' dir='ltr'>dictis</span> <span class='ocrx_word' id='word_1_321' title='bbox 941 951 1012 972; x_wconf 81' lang='lat' dir='ltr'>rectori,</span> <span class='ocrx_word' id='word_1_322' title='bbox 1026 950 1097 968; x_wconf 73' lang='lat' dir='ltr'>facultati</span> 
     </span>
     <span class='ocr_line' id='line_1_29' title="bbox 176 984 1098 1008; baseline 0 -7"><span class='ocrx_word' id='word_1_323' title='bbox 176 987 194 1001; x_wconf 87' lang='lat' dir='ltr'>et</span> <span class='ocrx_word' id='word_1_324' title='bbox 203 984 296 1007; x_wconf 81' lang='lat' dir='ltr'>magistris</span> <span class='ocrx_word' id='word_1_325' title='bbox 307 984 365 1007; x_wconf 89' lang='lat' dir='ltr'>ipsius</span> <span class='ocrx_word' id='word_1_326' title='bbox 375 984 464 1001; x_wconf 79' lang='lat' dir='ltr'>facultatis</span> <span class='ocrx_word' id='word_1_327' title='bbox 474 984 539 1001; x_wconf 88' lang='lat' dir='ltr'>artium</span> <span class='ocrx_word' id='word_1_328' title='bbox 550 984 674 1007; x_wconf 84' lang='lat' dir='ltr'>presentibus,</span> <span class='ocrx_word' id='word_1_329' title='bbox 684 987 702 1001; x_wconf 92' lang='lat' dir='ltr'>et</span> <span class='ocrx_word' id='word_1_330' title='bbox 711 984 769 1008; x_wconf 88' lang='lat' dir='ltr'>ipsam</span> <span class='ocrx_word' id='word_1_331' title='bbox 776 984 885 1006; x_wconf 70' lang='lat' dir='ltr'>facultatem,</span> <span class='ocrx_word' id='word_1_332' title='bbox 894 988 912 1001; x_wconf 89' lang='lat' dir='ltr'>ut</span> <span class='ocrx_word' id='word_1_333' title='bbox 919 984 1030 1008; x_wconf 77' lang='lat' dir='ltr'>premittitur,</span> <span class='ocrx_word' id='word_1_334' title='bbox 1038 985 1098 1002; x_wconf 82' lang='lat' dir='ltr'>facien-</span> 
     </span>
     <span class='ocr_line' id='line_1_30' title="bbox 177 1017 1098 1041; baseline 0.001 -7"><span class='ocrx_word' id='word_1_335' title='bbox 177 1017 233 1039; x_wconf 86' lang='lat' dir='ltr'>tibus,</span> <span class='ocrx_word' id='word_1_336' title='bbox 243 1021 333 1040; x_wconf 86' lang='lat' dir='ltr'>quatenus</span> <span class='ocrx_word' id='word_1_337' title='bbox 344 1018 423 1041; x_wconf 84' lang='lat' dir='ltr'>placeret</span> <span class='ocrx_word' id='word_1_338' title='bbox 433 1017 510 1039; x_wconf 74' lang='lat' dir='ltr'>eisdem,</span> <span class='ocrx_word' id='word_1_339' title='bbox 521 1018 537 1035; x_wconf 85' lang='lat' dir='ltr'>si</span> <span class='ocrx_word' id='word_1_340' title='bbox 547 1018 614 1041; x_wconf 87' lang='lat' dir='ltr'>injuste</span> <span class='ocrx_word' id='word_1_341' title='bbox 624 1021 674 1035; x_wconf 91' lang='lat' dir='ltr'>esset</span> <span class='ocrx_word' id='word_1_342' title='bbox 684 1018 772 1041; x_wconf 89' lang='lat' dir='ltr'>privatus,</span> <span class='ocrx_word' id='word_1_343' title='bbox 781 1018 842 1035; x_wconf 84' lang='lat' dir='ltr'>facere</span> <span class='ocrx_word' id='word_1_344' title='bbox 852 1018 887 1035; x_wconf 91' lang='lat' dir='ltr'>sibi</span> <span class='ocrx_word' id='word_1_345' title='bbox 894 1018 990 1041; x_wconf 84' lang='lat' dir='ltr'>justitiam;</span> <span class='ocrx_word' id='word_1_346' title='bbox 1003 1021 1021 1035; x_wconf 97' lang='lat' dir='ltr'>et</span> <span class='ocrx_word' id='word_1_347' title='bbox 1031 1018 1049 1035; x_wconf 91' lang='lat' dir='ltr'>in</span> <span class='ocrx_word' id='word_1_348' title='bbox 1059 1024 1098 1036; x_wconf 87' lang='lat' dir='ltr'>casu</span> 
     </span>
     <span class='ocr_line' id='line_1_31' title="bbox 176 1050 1099 1075; baseline 0.002 -8"><span class='ocrx_word' id='word_1_349' title='bbox 176 1050 227 1067; x_wconf 90' lang='lat' dir='ltr'>dubii</span> <span class='ocrx_word' id='word_1_350' title='bbox 237 1051 297 1068; x_wconf 87' lang='lat' dir='ltr'>facere</span> <span class='ocrx_word' id='word_1_351' title='bbox 307 1051 343 1068; x_wconf 86' lang='lat' dir='ltr'>sibi</span> <span class='ocrx_word' id='word_1_352' title='bbox 352 1051 434 1074; x_wconf 80' lang='lat' dir='ltr'>gratiam,</span> <span class='ocrx_word' id='word_1_353' title='bbox 445 1054 464 1068; x_wconf 91' lang='lat' dir='ltr'>et</span> <span class='ocrx_word' id='word_1_354' title='bbox 473 1051 533 1074; x_wconf 89' lang='lat' dir='ltr'>ipsum</span> <span class='ocrx_word' id='word_1_355' title='bbox 543 1051 591 1068; x_wconf 83' lang='lat' dir='ltr'>dicte</span> <span class='ocrx_word' id='word_1_356' title='bbox 600 1051 680 1069; x_wconf 82' lang='lat' dir='ltr'>facultati</span> <span class='ocrx_word' id='word_1_357' title='bbox 690 1052 756 1069; x_wconf 88' lang='lat' dir='ltr'>artium</span> <span class='ocrx_word' id='word_1_358' title='bbox 764 1051 845 1073; x_wconf 87' lang='lat' dir='ltr'>reunire,</span> <span class='ocrx_word' id='word_1_359' title='bbox 854 1052 932 1069; x_wconf 82' lang='lat' dir='ltr'>offerens</span> <span class='ocrx_word' id='word_1_360' title='bbox 940 1058 960 1069; x_wconf 88' lang='lat' dir='ltr'>se</span> <span class='ocrx_word' id='word_1_361' title='bbox 966 1052 1013 1069; x_wconf 89' lang='lat' dir='ltr'>idem</span> <span class='ocrx_word' id='word_1_362' title='bbox 1021 1052 1099 1075; x_wconf 82' lang='lat' dir='ltr'>magister</span> 
     </span>
     <span class='ocr_line' id='line_1_32' title="bbox 177 1084 1098 1108; baseline 0.001 -7"><span class='ocrx_word' id='word_1_363' title='bbox 177 1084 243 1107; x_wconf 89' lang='lat' dir='ltr'>Symon</span> <span class='ocrx_word' id='word_1_364' title='bbox 256 1090 278 1101; x_wconf 87' lang='lat' dir='ltr'>eo</span> <span class='ocrx_word' id='word_1_365' title='bbox 291 1088 357 1101; x_wconf 91' lang='lat' dir='ltr'>eventu</span> <span class='ocrx_word' id='word_1_366' title='bbox 369 1084 530 1108; x_wconf 87' lang='lat' dir='ltr'>appellationibus,</span> <span class='ocrx_word' id='word_1_367' title='bbox 541 1085 666 1108; x_wconf 83' lang='lat' dir='ltr'>processibus,</span> <span class='ocrx_word' id='word_1_368' title='bbox 679 1085 735 1102; x_wconf 86' lang='lat' dir='ltr'>bullis</span> <span class='ocrx_word' id='word_1_369' title='bbox 750 1088 768 1102; x_wconf 89' lang='lat' dir='ltr'>et</span> <span class='ocrx_word' id='word_1_370' title='bbox 781 1085 847 1102; x_wconf 88' lang='lat' dir='ltr'>litteris</span> <span class='ocrx_word' id='word_1_371' title='bbox 861 1085 1002 1108; x_wconf 86' lang='lat' dir='ltr'>quibuscumque</span> <span class='ocrx_word' id='word_1_372' title='bbox 1014 1091 1044 1108; x_wconf 89' lang='lat' dir='ltr'>per</span> <span class='ocrx_word' id='word_1_373' title='bbox 1055 1091 1098 1107; x_wconf 88' lang='lat' dir='ltr'>eum,</span> 
     </span>
     <span class='ocr_line' id='line_1_33' title="bbox 177 1118 1100 1142; baseline 0.001 -7"><span class='ocrx_word' id='word_1_374' title='bbox 177 1124 209 1135; x_wconf 90' lang='lat' dir='ltr'>seu</span> <span class='ocrx_word' id='word_1_375' title='bbox 222 1124 245 1135; x_wconf 82' lang='lat' dir='ltr'>ex</span> <span class='ocrx_word' id='word_1_376' title='bbox 256 1121 307 1141; x_wconf 88' lang='lat' dir='ltr'>parte</span> <span class='ocrx_word' id='word_1_377' title='bbox 318 1118 377 1141; x_wconf 89' lang='lat' dir='ltr'>ipsius</span> <span class='ocrx_word' id='word_1_378' title='bbox 390 1121 453 1135; x_wconf 76' lang='lat' dir='ltr'>eontra</span> <span class='ocrx_word' id='word_1_379' title='bbox 465 1118 523 1141; x_wconf 86' lang='lat' dir='ltr'>ipsam</span> <span class='ocrx_word' id='word_1_380' title='bbox 534 1119 637 1136; x_wconf 83' lang='lat' dir='ltr'>facultatem</span> <span class='ocrx_word' id='word_1_381' title='bbox 649 1122 667 1136; x_wconf 89' lang='lat' dir='ltr'>et</span> <span class='ocrx_word' id='word_1_382' title='bbox 677 1124 803 1142; x_wconf 83' lang='lat' dir='ltr'>quascumque</span> <span class='ocrx_word' id='word_1_383' title='bbox 814 1125 902 1142; x_wconf 86' lang='lat' dir='ltr'>personas</span> <span class='ocrx_word' id='word_1_384' title='bbox 915 1119 994 1142; x_wconf 89' lang='lat' dir='ltr'>ejusdem</span> <span class='ocrx_word' id='word_1_385' title='bbox 1007 1119 1100 1142; x_wconf 83' lang='lat' dir='ltr'>impetratis</span> 
     </span>
     <span class='ocr_line' id='line_1_34' title="bbox 177 1152 376 1174; baseline 0.005 -6"><span class='ocrx_word' id='word_1_386' title='bbox 177 1152 284 1169; x_wconf 85' lang='lat' dir='ltr'>renunciare</span> <span class='ocrx_word' id='word_1_387' title='bbox 295 1152 376 1174; x_wconf 53' lang='lat' dir='ltr'>omnino,</span> 
     </span>
    </p>

    <p class='ocr_par' dir='ltr' id='par_1_4' title="bbox 176 1185 1101 1345">
     <span class='ocr_line' id='line_1_35' title="bbox 221 1185 1100 1209; baseline 0.002 -7"><span class='ocrx_word' id='word_1_388' title='bbox 221 1186 260 1208; x_wconf 85' lang='lat' dir='ltr'>Qua</span> <span class='ocrx_word' id='word_1_389' title='bbox 270 1185 403 1209; x_wconf 86' lang='lat' dir='ltr'>supplicatione</span> <span class='ocrx_word' id='word_1_390' title='bbox 416 1185 442 1202; x_wconf 86' lang='lat' dir='ltr'>sic</span> <span class='ocrx_word' id='word_1_391' title='bbox 454 1186 506 1207; x_wconf 82' lang='lat' dir='ltr'>facta,</span> <span class='ocrx_word' id='word_1_392' title='bbox 517 1186 597 1208; x_wconf 79' lang='lat' dir='ltr'>prefatus</span> <span class='ocrx_word' id='word_1_393' title='bbox 611 1189 671 1203; x_wconf 87' lang='lat' dir='ltr'>rector</span> <span class='ocrx_word' id='word_1_394' title='bbox 685 1189 785 1209; x_wconf 75' lang='lat' dir='ltr'>protestate</span> <span class='ocrx_word' id='word_1_395' title='bbox 798 1192 831 1209; x_wconf 89' lang='lat' dir='ltr'>per</span> <span class='ocrx_word' id='word_1_396' title='bbox 844 1192 885 1203; x_wconf 87' lang='lat' dir='ltr'>eum</span> <span class='ocrx_word' id='word_1_397' title='bbox 897 1186 969 1203; x_wconf 90' lang='lat' dir='ltr'>nomine</span> <span class='ocrx_word' id='word_1_398' title='bbox 981 1192 1014 1203; x_wconf 87' lang='lat' dir='ltr'>suo</span> <span class='ocrx_word' id='word_1_399' title='bbox 1028 1190 1045 1203; x_wconf 91' lang='lat' dir='ltr'>et</span> <span class='ocrx_word' id='word_1_400' title='bbox 1057 1187 1100 1204; x_wconf 79' lang='lat' dir='ltr'>dicte</span> 
     </span>
     <span class='ocr_line' id='line_1_36' title="bbox 176 1219 1101 1243; baseline 0.001 -7"><span class='ocrx_word' id='word_1_401' title='bbox 176 1219 266 1237; x_wconf 79' lang='lat' dir='ltr'>facultatis</span> <span class='ocrx_word' id='word_1_402' title='bbox 275 1219 341 1237; x_wconf 84' lang='lat' dir='ltr'>artium</span> <span class='ocrx_word' id='word_1_403' title='bbox 351 1219 370 1236; x_wconf 94' lang='lat' dir='ltr'>in</span> <span class='ocrx_word' id='word_1_404' title='bbox 379 1219 491 1236; x_wconf 85' lang='lat' dir='ltr'>contrarium</span> <span class='ocrx_word' id='word_1_405' title='bbox 500 1219 663 1241; x_wconf 86' lang='lat' dir='ltr'>protestationibus</span> <span class='ocrx_word' id='word_1_406' title='bbox 674 1219 761 1243; x_wconf 89' lang='lat' dir='ltr'>predictis</span> <span class='ocrx_word' id='word_1_407' title='bbox 769 1219 815 1236; x_wconf 88' lang='lat' dir='ltr'>dixit</span> <span class='ocrx_word' id='word_1_408' title='bbox 822 1219 870 1236; x_wconf 88' lang='lat' dir='ltr'>dicto</span> <span class='ocrx_word' id='word_1_409' title='bbox 878 1220 964 1242; x_wconf 80' lang='lat' dir='ltr'>magistro</span> <span class='ocrx_word' id='word_1_410' title='bbox 972 1220 1048 1243; x_wconf 84' lang='lat' dir='ltr'>Symoni,</span> <span class='ocrx_word' id='word_1_411' title='bbox 1056 1220 1101 1243; x_wconf 89' lang='lat' dir='ltr'>quod</span> 
     </span>
     <span class='ocr_line' id='line_1_37' title="bbox 176 1252 1101 1277; baseline 0 -7"><span class='ocrx_word' id='word_1_412' title='bbox 176 1253 223 1271; x_wconf 80' lang='lat' dir='ltr'>dicta</span> <span class='ocrx_word' id='word_1_413' title='bbox 233 1253 309 1270; x_wconf 86' lang='lat' dir='ltr'>facultas</span> <span class='ocrx_word' id='word_1_414' title='bbox 319 1253 384 1270; x_wconf 90' lang='lat' dir='ltr'>artium</span> <span class='ocrx_word' id='word_1_415' title='bbox 394 1258 450 1276; x_wconf 82' lang='lat' dir='ltr'>super</span> <span class='ocrx_word' id='word_1_416' title='bbox 462 1252 509 1270; x_wconf 80' lang='lat' dir='ltr'>dicta</span> <span class='ocrx_word' id='word_1_417' title='bbox 522 1252 654 1276; x_wconf 86' lang='lat' dir='ltr'>supplicatione</span> <span class='ocrx_word' id='word_1_418' title='bbox 664 1253 781 1275; x_wconf 87' lang='lat' dir='ltr'>deliberaret,</span> <span class='ocrx_word' id='word_1_419' title='bbox 792 1256 810 1270; x_wconf 92' lang='lat' dir='ltr'>et</span> <span class='ocrx_word' id='word_1_420' title='bbox 821 1252 881 1270; x_wconf 85' lang='lat' dir='ltr'>habita</span> <span class='ocrx_word' id='word_1_421' title='bbox 895 1253 1022 1270; x_wconf 84' lang='lat' dir='ltr'>deliberatione</span> <span class='ocrx_word' id='word_1_422' title='bbox 1032 1259 1101 1277; x_wconf 89' lang='lat' dir='ltr'>respon-</span> 
     </span>
     <span class='ocr_line' id='line_1_38' title="bbox 177 1287 1101 1310; baseline 0.001 -6"><span class='ocrx_word' id='word_1_423' title='bbox 177 1287 228 1305; x_wconf 91' lang='lat' dir='ltr'>deret</span> <span class='ocrx_word' id='word_1_424' title='bbox 238 1287 303 1305; x_wconf 85' lang='lat' dir='ltr'>eidem.</span> <span class='ocrx_word' id='word_1_425' title='bbox 314 1288 389 1308; x_wconf 87' lang='lat' dir='ltr'>Verum,</span> <span class='ocrx_word' id='word_1_426' title='bbox 400 1290 419 1304; x_wconf 90' lang='lat' dir='ltr'>ut</span> <span class='ocrx_word' id='word_1_427' title='bbox 429 1287 477 1304; x_wconf 89' lang='lat' dir='ltr'>idem</span> <span class='ocrx_word' id='word_1_428' title='bbox 493 1291 553 1304; x_wconf 87' lang='lat' dir='ltr'>rector</span> <span class='ocrx_word' id='word_1_429' title='bbox 565 1287 649 1308; x_wconf 74' lang='lat' dir='ltr'>asseruit,</span> <span class='ocrx_word' id='word_1_430' title='bbox 664 1287 680 1304; x_wconf 85' lang='lat' dir='ltr'>si</span> <span class='ocrx_word' id='word_1_431' title='bbox 694 1287 755 1304; x_wconf 81' lang='lat' dir='ltr'>dictus</span> <span class='ocrx_word' id='word_1_432' title='bbox 770 1287 856 1310; x_wconf 75' lang='lat' dir='ltr'>magister</span> <span class='ocrx_word' id='word_1_433' title='bbox 870 1287 935 1310; x_wconf 89' lang='lat' dir='ltr'>Symon</span> <span class='ocrx_word' id='word_1_434' title='bbox 949 1287 1051 1310; x_wconf 88' lang='lat' dir='ltr'>loqueretur</span> <span class='ocrx_word' id='word_1_435' title='bbox 1064 1294 1101 1305; x_wconf 86' lang='lat' dir='ltr'>cum</span> 
     </span>
     <span class='ocr_line' id='line_1_39' title="bbox 176 1320 1101 1345; baseline 0 -7"><span class='ocrx_word' id='word_1_436' title='bbox 176 1321 260 1338; x_wconf 79' lang='lat' dir='ltr'>facultate</span> <span class='ocrx_word' id='word_1_437' title='bbox 270 1327 303 1338; x_wconf 89' lang='lat' dir='ltr'>sua</span> <span class='ocrx_word' id='word_1_438' title='bbox 312 1320 405 1344; x_wconf 75' lang='lat' dir='ltr'>theologie</span> <span class='ocrx_word' id='word_1_439' title='bbox 415 1324 434 1337; x_wconf 87' lang='lat' dir='ltr'>et</span> <span class='ocrx_word' id='word_1_440' title='bbox 443 1320 536 1344; x_wconf 85' lang='lat' dir='ltr'>magistris</span> <span class='ocrx_word' id='word_1_441' title='bbox 546 1320 628 1343; x_wconf 84' lang='lat' dir='ltr'>ejusdem</span> <span class='ocrx_word' id='word_1_442' title='bbox 638 1320 660 1337; x_wconf 92' lang='lat' dir='ltr'>ad</span> <span class='ocrx_word' id='word_1_443' title='bbox 670 1320 723 1338; x_wconf 82' lang='lat' dir='ltr'>finem</span> <span class='ocrx_word' id='word_1_444' title='bbox 735 1320 784 1343; x_wconf 84' lang='lat' dir='ltr'>quod</span> <span class='ocrx_word' id='word_1_445' title='bbox 796 1320 910 1338; x_wconf 81' lang='lat' dir='ltr'>ordinaretur</span> <span class='ocrx_word' id='word_1_446' title='bbox 923 1327 957 1338; x_wconf 89' lang='lat' dir='ltr'>una</span> <span class='ocrx_word' id='word_1_447' title='bbox 968 1320 1014 1338; x_wconf 82' lang='lat' dir='ltr'>bona</span> <span class='ocrx_word' id='word_1_448' title='bbox 1026 1321 1059 1343; x_wconf 74' lang='lat' dir='ltr'>via,</span> <span class='ocrx_word' id='word_1_449' title='bbox 1071 1327 1101 1345; x_wconf 90' lang='lat' dir='ltr'>per</span> 
     </span>
    </p>
   </div>
  </div>
 </body>
</html>
