1273 1538
176 41 208 58 578
466 46 624 58 cuAurvanmn
641 46 734 58 uuivzns.
755 46 818 57 exuis,
1044 39 1090 57 [1346

221 83 271 104 lte[m
280 83 317 100 dixi
327 83 375 106 quod
384 82 451 103 null]us
458 83 494 100 scit
503 83 596 100 evidenter
606 82 686 105 qualibet
696 88 715 99 re
725 86 805 104 ostensa,
818 83 861 106 quin
872 82 906 99 sihi
917 82 985 103 debea[t
994 82 1090 105 impendere

177 116 273 133 maximum
283 116 377 137 ho]norem
386 116 423 138 (24)⁴
431 126 454 129 —
461 116 540 137 Falsum.
554 116 648 133 hereticam
659 119 675 133 et
687 115 794 138 blasfemant.

221 150 272 170 Item,
283 149 326 170 dix[i
336 150 354 166 in
363 149 440 172 epistola
449 149 535 171 predicta]
547 149 595 171 quod
606 148 671 171 aliquis
681 149 739 165 nescit
749 149 849 169 evidenter,
860 148 903 171 quin
912 148 945 165 ista
956 148 1011 171 possit
1020 148 1090 165 rationa-

176 181 237 199 biliter
246 182 328 203 conee1di
339 188 343 199 z
355 182 369 199 si
380 181 444 204 aliq]uu
454 187 484 198 res
499 185 527 198 est
536 182 629 204 producta„
640 182 689 199 Deus
699 185 726 198 est
736 182 835 204 productus
846 182 883 204 (25)
891 191 913 194 —
920 181 996 202 Falsum,
1004 181 1090 198 hereticam

176 218 192 233 et
200 216 307 238 blasfemam.

221 249 243 266 Et
252 248 285 266 hec
298 248 358 265 omnia
370 247 413 268 dixi,
424 247 470 270 proh
480 247 539 268 dolor,
551 248 628 271 epistola
641 248 721 271 predicta
734 248 805 271 precise
819 253 872 265 causa
885 247 991 268 collationis,
1001 251 1020 264 ut
1028 247 1089 264 ibidem

177 287 263 304 expresse
273 281 383 301 continetur,
396 283 414 297 et
427 280 461 297 hec
474 280 533 297 omnia
547 286 586 297 sum
601 284 673 303 paratus
686 286 771 298 revocare
784 281 806 298 ad
820 281 921 298 mandatum
935 280 1031 297 beatissimi
1040 281 1090 303 patris

177 320 197 331 ae
212 314 287 335 domini,
302 314 370 331 domini
385 313 442 330 nostri
456 313 557 330 Clementis
571 317 685 331 sacrosancte
700 314 779 331 Romane
792 320 811 331 an:
824 314 932 331 universalis
945 313 1019 330 ecclesie
1032 314 1092 330 summi

178 346 276 369 pontificis.

223 380 274 400 Item,
285 379 321 396 dixi
334 379 352 396 in
362 380 401 397 vico
414 380 522 397 straminum
534 380 581 402 quod
592 385 628 397 non
638 383 698 402 potest
708 379 802 396 evidenter
812 379 889 400 ostendi,
900 380 942 403 quin
953 379 1030 402 quelibet
1038 385 1065 396 res
1072 380 1094 397 sit

179 415 240 429 eterna
248 413 287 434 (26).
294 422 317 425 —
324 412 402 434 Falsum,
412 413 507 430 hereticam
517 415 534 430 et
544 412 652 435 bla-gsemam.

222 446 273 466 Item,
284 445 321 462 dixi
331 446 407 468 epistola
419 449 469 462 sexta
479 446 501 462 ad
511 445 630 466 Bel-nardum,
640 445 689 468 quod
702 451 747 468 pane
760 445 883 462 demonstrato
893 451 929 462 non
942 448 1000 468 potest
1008 445 1094 463 evidenter

176 478 255 499 ostendi,
266 478 315 501 quod
326 478 351 495 ibi
361 479 386 495 sit
394 478 453 501 aliqua
464 484 500 499 res,
511 484 546 501 que
555 484 591 495 non
602 478 626 495 sit
635 478 720 495 accidens
728 479 766 500 (27).
774 488 797 490 —
806 478 884 495 Falsam.

220 512 271 533 Item,
283 511 359 534 epistola
373 511 448 534 septima
461 511 498 528 dixi
509 511 558 534 quod
570 514 630 534 potest
642 511 677 528 diei
688 511 727 528 sine
738 511 887 532 contradictione,
898 511 920 528 ad
933 517 983 534 quam
994 511 1033 534 quis
1041 512 1095 534 possit

175 544 223 565 duci,
234 544 283 567 quod
294 544 353 561 omnis
363 550 393 561 res
403 544 425 560 de
437 544 504 561 mundo
515 547 543 561 est
552 544 640 566 producta
651 545 689 566 (28).
698 554 720 557 —
727 544 807 565 Falsum,
818 544 912 561 hereticam
922 547 938 561 et
948 544 1052 567 blassemam.

219 577 270 598 item,
281 577 344 594 eadem
357 576 434 600 epistola
446 577 483 593 dixi
496 577 545 599 quod
557 577 590 594 hec
603 577 734 600 consequentia
747 583 783 593 non
796 580 824 593 est
836 577 911 594 evidens
920 583 923 593 ε
932 583 942 594 α
952 580 979 594 est
989 577 1095 600 productum,

173 610 230 633 igitur
239 610 306 633 aliquis
316 610 420 633 producens
429 615 440 626 α
450 613 479 626 est
488 609 517 627 vel
527 610 561 626 fuit
568 610 607 632 (29).
615 603 724 631 —Falsarri‚
735 610 830 627 hereticam
842 613 859 627 et
870 615 968 627 erroneam.

218 643 269 664 Item,
284 643 362 666 epistola
375 648 421 659 nona
436 642 458 659 ad
472 642 583 659 Bernardum
598 643 635 659 dixi
649 643 698 665 quod
712 643 746 659 iste
757 643 888 665 consequentie
899 649 934 659 non
947 646 988 660 sunt
998 643 1094 660 evidentes:

173 679 224 693 actus
233 676 349 699 intelligendi
363 679 403 692 est:
413 681 457 698 ergo
471 675 575 693 intellectus
589 679 623 693 est.
637 676 694 693 Actus
707 676 781 693 volendi
795 679 834 693 est:
844 676 900 699 igitur
909 676 991 693 voluntas
1001 679 1027 693 est
1034 676 1069 698 (30).
1076 686 1096 689 —

175 709 252 726 Falsum.

218 743 270 763 ltem,
282 742 319 759 dixi
332 741 389 759 semel
403 742 421 758 in
434 741 475 758 vico
489 742 599 758 straminum
613 742 662 765 quod
676 748 713 759 non
723 745 783 765 potest
793 742 888 759 evidenter
897 742 975 763 ostendi,
985 742 1027 765 quin
1037 742 1096 763 omnia,

175 781 210 798 que
220 778 314 798 apparent,
325 775 362 792 sint
371 781 414 792 vera
421 775 460 797 (31).
468 784 491 788 —
500 775 579 792 Falsum.

220 809 272 830 Item,
283 809 320 826 dixi
330 809 349 826 in
359 808 435 831 quadam
446 808 569 831 disputatione
580 808 629 831 quod
639 808 779 825 contradictoria
787 808 894 826 adinvicem
903 808 950 825 idem
958 808 1057 831 significant
1064 809 1098 831 (33).

175 852 197 855 —
204 841 283 859 Falsum*

220 876 272 897 Item,
283 875 320 892 dixi
332 876 351 892 in
363 875 440 898 quadam
454 874 577 897 disputatione
591 875 640 898 quod
652 876 702 892 Deus
715 878 733 892 et
745 878 827 892 creatura
836 875 881 897 [non
893 878 936 892 sunt
945 874 1018 897 alquuid
1028 875 1071 898 (32)⁷,
1079 885 1099 888 —

175 908 248 926 Falsum
260 911 277 926 et
288 908 410 926 scandalo-mm
418 911 476 931 prout
486 909 539 926 verba
550 911 620 926 sonant.

220 942 257 959 Hee
274 942 335 959 omnia
349 942 386 959 dixi
401 942 511 964 disputative
526 945 544 959 et
557 948 611 959 causa
625 942 729 959 collationis
744 941 806 963 nich[il
821 942 921 959 asserendo
935 941 1059 965 perti]naciter,
1068 948 1100 965 que

176 978 249 998 paratus
266 980 306 991 suin
324 981 409 992 revocare
425 975 448 991 ad
465 975 569 992 mandatum
588 974 689 991 beatissimi
704 975 779 995 [domini
796 975 861 995 nostri]
878 975 976 992 Clementis
995 978 1100 992 sacrosancte

177 1009 256 1025 Romane
269 1014 290 1025 nc
303 1008 413 1025 universalis
426 1008 504 1025 ecclesie
518 1007 584 1025 summi
598 1008 697 1031 pontificis,
711 1008 764 1029 [sicut
774 1011 792 1025 et
804 1008 870 1029 omnia]
880 1008 920 1029 aliu,
931 1008 946 1025 si
956 1014 990 1031 que
1000 1008 1064 1025 fuerint
1072 1014 1100 1031 per

177 1047 206 1058 me
216 1041 262 1058 male
272 1041 320 1058 dicta
329 1041 359 1058 vel
369 1041 442 1064 scripta⁴

222 1074 237 1091 O
247 1074 353 1092 beatissime
365 1077 416 1097 pater
427 1080 447 1091 ac
458 1074 532 1091 domine
546 1074 619 1091 domine
633 1074 726 1096 Clemens,
736 1075 766 1091 isti
777 1075 828 1096 s[unt
840 1074 911 1091 articuli
920 1080 966 1097 quos
977 1074 1018 1095 dixi]
1028 1075 1101 1097 disputa-

176 1108 213 1125 tive
223 1110 240 1124 et
250 1113 304 1124 causa
318 1107 428 1128 collationis,
442 1107 499 1124 nichil
512 1107 636 1130 predictorum
650 1108 775 1130 perti[na‹=.iter
786 1108 910 1130 assei-endor*
922 1107 1048 1125 Vehementius
1058 1108 1101 1125 desi-

177 1141 222 1158 dero
236 1143 339 1163 prostratus
354 1140 420 1158 cadere
434 1143 475 1157 ante
490 1140 547 1163 pedes
561 1143 629 1162 ve[stre
644 1140 741 1158 clementie
756 1144 774 1158 et
788 1141 895 1161 samotiuitis
907 1144 924 1157 et
936 1147 976 1158 cum
988 1141 1101 1164 predictorum

176 1174 299 1191 detestatione
309 1173 385 1191 cordiali
398 1173 481 1196 exemplo
493 1173 525 1190 filii
538 1173 617 1196 [prodigi
628 1173 706 1194 dicere]:
716 1181 724 1189 ει
733 1174 791 1195 Pater,
805 1174 878 1196 peccavi
891 1174 909 1190 in
921 1173 979 1191 celum
989 1177 1006 1191 et
1015 1180 1071 1191 eoram
1081 1178 1102 1195 te,

173 1207 211 1230 jam
225 1212 263 1224 non
278 1213 319 1223 sum
333 1207 401 1230 dignus
418 1206 479 1224 vocari
492 1206 541 1223 filius
555 1207 607 1223 tuus’
617 1214 632 1223 ».
648 1207 675 1224 Ve
689 1206 750 1228 michi,
764 1207 806 1229 quin
820 1206 902 1229 pollutus
915 1206 967 1224 labiis
980 1213 1014 1230 ego
1030 1213 1074 1228 suin,
1086 1210 1103 1224 ut

176 1240 238 1263 potius
250 1240 329 1263 judicari
343 1240 418 1257 debeam
433 1243 516 1257 mortuus
529 1245 584 1262 quum
595 1240 667 1261 vivenS,
682 1246 722 1257 nani
737 1243 829 1263 peccatum
842 1246 883 1257 cum
896 1240 914 1257 in
927 1246 955 1257 me
968 1243 1103 1257 consummatum

175 1273 210 1290 luit
224 1273 320 1296 generavit
332 1273 433 1290 mortem¹⁰l
447 1273 483 1290 Sed
498 1273 546 1296 quia,
560 1273 676 1290 sanctissime
691 1277 748 1296 pater,
762 1272 823 1290 innata
836 1273 889 1290 vobis
903 1273 956 1290 realis
968 1273 1059 1291 clementia
1070 1279 1103 1290 non

176 1306 221 1323 sinit
238 1312 272 1323 vos
286 1306 334 1323 velle
350 1309 425 1323 mortem
441 1306 550 1329 peccatoris,
566 1306 599 1323 sed
614 1306 676 1329 potius
690 1306 732 1323 facit
745 1306 804 1323 zelare
818 1306 918 1323 ferventius
933 1309 952 1323 ut
965 1310 1074 1324 convertatur
1088 1309 1106 1323 et

239 1335 260 1347 7³.
