1273 1538
178 58 221 77 1335]
367 65 389 77 ΑΒ
406 65 459 76 Auno
476 65 591 76 mcccxxxv·
609 65 676 80 usque
693 66 718 77 An
734 66 803 78 annun
820 66 891 78 uocet.
1062 61 1094 78 449

178 108 216 119 vero
229 107 293 124 regens
308 101 393 122 Parisius,
407 101 430 118 de
445 102 492 118 dicta
502 102 592 118 communi
608 102 763 125 vigintiquinque,
780 106 797 119 et
812 108 821 119 a
835 103 909 126 proprio
924 103 1034 120 monasterio
1050 103 1094 120 alias

178 134 321 158 vigintiquinque,
331 140 363 157 pro
373 135 427 151 bursa
440 138 458 151 et
467 134 508 151 aliis
518 134 658 152 necessitatibus
668 135 719 157 ejus3
730 141 750 152 ac
761 135 818 152 lector
828 135 887 152 Biblie
897 136 916 152 in
926 135 989 152 eodem
1002 136 1062 152 studio
1073 136 1095 153 de

178 168 239 192 prefata
252 168 340 185 communi
353 168 422 189 decem,
434 171 451 184 et
460 173 470 184 a
481 168 553 190 proprio
566 168 678 185 monasterio
692 168 756 191 viginti
770 168 826 185 libras
839 168 897 191 ipsius
910 172 981 185 monete
996 168 1096 191 percipiant

178 201 244 219 omnino
260 201 360 221 annuatiin;
371 200 449 223 quilibet
464 206 508 217 vero
525 200 619 217 scolarium
638 201 715 218 studens
729 201 747 218 in
763 201 804 224 ipso
821 201 881 218 studio
898 201 963 224 viginti
977 201 1033 217 libras
1048 201 1094 218 dicte

178 237 243 252 monete
256 240 265 250 a
279 234 351 257 proprio
367 233 476 250 monasterio
492 239 524 256 pro
539 233 593 250 bursa
607 237 625 250 et
640 234 680 250 aliis
696 234 836 251 necessitatibus
852 234 891 251 suis
908 234 996 257 percipiat
1012 233 1095 251 similiter

177 267 275 285 annuatim'-
290 267 325 284 Sed
339 267 357 284 in
371 266 411 283 aliis
426 266 493 284 studiis
506 270 563 290 patres
579 267 661 287 abbates,
672 267 754 290 ipsorum
764 267 867 284 studiorum
881 270 968 287 rectores,
979 267 1066 290 magistro
1077 267 1094 284 in

178 300 271 323 theologica
285 300 366 317 facultate
379 299 397 316 in
412 299 448 316 illis
463 300 535 322 regenti
548 300 569 316 de
586 300 705 323 quadraginta
719 300 771 317 libris
785 300 866 322 predicte
881 303 952 317 monete
965 306 998 323 pro
1010 300 1065 317 bursa
1079 303 1094 317 et

179 334 215 351 aliis
223 333 358 350 necessitatibus
370 333 408 350 suis
421 332 517 355 providere
531 333 580 350 annis
594 333 674 356 singulis
687 336 787 350 teneantur.
799 333 876 354 Quando
888 336 946 350 autem
957 333 1067 350 baccalarius
1078 333 1096 350 in

180 367 241 384 eisdem
258 366 321 383 studiis
338 369 394 389 reget.
411 366 442 383 ubi
461 366 553 383 commode
569 372 608 383 non
627 366 738 389 reperiretur
756 366 849 389 magister.
866 369 962 383 teneantur
977 366 1021 383 dicti
1037 370 1097 389 patres

180 400 246 417 abbates
259 399 304 416 dicto
317 399 416 416 baccalario
430 398 452 415 de
466 398 539 422 triginta
550 398 603 416 libris
617 399 665 416 dicte
680 402 750 416 monete
764 405 797 421 pro
810 398 865 415 bursa
876 402 893 415 et
903 399 987 416 omnibus
1000 399 1098 416 necessita-

180 433 224 449 tibus
233 433 269 449 suis
279 433 330 449 annis
340 431 417 455 singulis
428 431 550 454 providerem..

219 465 252 482 Ubi
266 468 323 482 autem
338 465 372 482 erit
385 464 451 487 aliquis
464 464 486 481 de
500 464 566 481 Ordine
581 464 622 487 ipso
637 465 656 481 in
671 464 769 481 Parisiensi
784 464 845 481 studio
860 464 971 487 assignatus,
984 464 1016 487 qui
1030 464 1054 481 sit
1063 465 1099 481 vite

180 500 273 521 laudabilis,
286 500 365 522 aliasque
379 500 456 517 idoneus
470 503 488 516 et
499 500 595 521 discretus,
606 503 625 516 et
637 500 660 517 ad
673 499 817 521 bacealariatum,
827 499 856 516 vel
869 499 993 522 magisterium
1007 499 1099 523 theologie

181 533 273 556 dispositus
285 536 301 550 et
315 533 433 556 propinquus=
446 532 502 549 abbas
514 532 650 553 Cisterciensis,
663 533 694 555 qui
707 536 735 549 est
747 538 780 555 pro
793 536 882 555 tempore,
896 539 935 549 cum
952 532 1029 549 consilio
1044 533 1100 555 magi>

181 569 259 587 sirm-um,
268 566 406 582 baccalariorum
417 569 435 582 et
445 565 545 588 provisoris
553 565 620 582 domus
633 566 745 583 studentium
758 566 848 587 Parisius,
859 566 932 582 mandet
944 565 1004 582 abbati
1017 566 1100 588 proprio=

181 599 224 621 quod
235 598 285 615 talem
299 605 335 615 non
350 601 428 619 revocet,
443 598 475 615 sed
491 604 531 615 eum
545 599 636 621 permittat
651 599 669 616 in
684 598 789 621 hujusmodi
804 599 880 616 scientia
893 598 962 621 perfici,
973 602 991 615 et
1000 598 1023 615 ad
1035 602 1099 616 statum

181 631 308 653 baccalariatus,
324 637 344 648 ae
362 631 450 648 honorem
471 631 568 654 magisterii
590 631 674 654 provehi,
694 631 818 654 lecturumque
837 632 950 653 continuare,
970 635 1024 654 prout
1042 632 1100 654 ipsius

181 664 248 681 Ordinis
262 664 345 687 generale
355 664 457 687 Capitulum
472 664 566 681 ordinabit,
579 664 641 681 Possit
653 668 712 681 tamen
726 665 785 687 ipsum
799 665 884 688 generale
894 665 1003 688 Capitulum,
1015 665 1101 682 deficien-

180 697 224 714 tibus
236 697 324 720 magistris
337 703 369 714 seu
382 697 488 714 baccalariis
501 697 518 714 in
533 697 631 720 theologia,
642 697 695 714 talem
709 698 761 714 etiam
774 701 815 715 ante
828 698 964 715 baccalariatum
975 698 1003 715 vel
1015 698 1101 721 magiste-

181 730 221 746 rium
234 730 251 746 in
264 730 344 752 quolibet
358 730 481 753 predictorum
496 730 607 753 generalium
623 730 725 747 studiorum
740 730 858 753 principalem
874 731 960 753 deputare
975 731 1068 752 lectorem,
1084 731 1100 748 si

181 762 232 779 eidem
242 763 321 785 generali
332 762 414 786 Capitulo
425 763 483 780 visum
493 763 546 780 suerit
555 763 650 786 expedire,

220 796 239 812 ln
248 796 325 813 savorem
339 796 397 819 itaque
410 796 467 813 studii
476 796 556 819 ejusdem
569 796 670 819 theologie,
681 799 701 813 ut
711 796 732 813 ab
742 796 833 819 alumpnis
846 796 927 819 ejusdem
938 797 1013 814 Ordinis
1025 797 1100 814 studen-

180 828 223 845 tibus
236 828 261 845 illi
274 829 371 846 ferventius
385 829 496 850 intendatur,
511 829 613 850 statuimus,
629 829 735 846 ordinamus
750 832 767 846 et
780 829 899 851 prohibemus
913 835 1007 852 expresse,
1020 829 1069 852 quod
1081 830 1099 846 in

180 861 225 878 nullo
237 861 323 878 dictorum
337 861 438 878 studiorum
451 861 536 884 legantur
547 861 576 878 vel
590 861 687 878 audiantur
697 862 738 884 jura
752 862 846 883 canonica,
859 868 892 878 nec
902 862 955 879 etiam
965 865 1015 879 extra
1027 861 1057 879 illa
1067 868 1099 885 per

180 894 250 917 aliquem
260 894 369 911 studentium
381 894 506 915 eorumdem¹3
518 894 564 917 quod
574 894 591 911 si
601 894 643 917 quis
655 894 765 911 eontrarium
776 898 882 918 attemptare
893 895 1030 917 presumpserit=
1041 895 1065 911 sit
1077 901 1099 911 eo
1116 899 1118 901 ’

180 927 216 950 ipso
225 928 245 944 ad
255 927 351 944 claustrum
363 933 415 944 suum
428 927 450 944 ab
460 927 563 950 hujusmodi
574 927 637 944 studio
650 931 751 948 revocatus,
765 933 799 944 uec
811 927 916 944 cellararius
929 927 1018 944 dictorum
1029 928 1099 944 studio-

180 966 214 977 rum
226 964 296 977 extunc
309 961 327 977 in
341 960 400 983 aliquo
413 960 440 977 illi
452 960 550 983 provideat,
565 960 599 977 sed
613 960 734 977 incontinenti
748 960 771 977 ad
786 960 879 983 proprium
894 960 1023 977 monasterium
1038 960 1099 977 remit-

180 996 226 1014 tatur,
240 993 261 1010 de
274 993 418 1016 transgressione
432 999 451 1010 ae
466 993 588 1010 inobedientia
601 993 707 1015 hujusmodi
721 993 821 1010 secundum
837 993 930 1009 arbitrium
945 992 1016 1010 abbatis
1030 993 1099 1016 proprii

179 1026 280 1048 puniendus.
293 1027 315 1043 Et
327 1029 345 1043 ut
357 1026 375 1043 in
387 1026 441 1043 dictis
454 1025 520 1042 studiis
532 1031 563 1048 pro
577 1026 695 1042 studentibus
708 1026 726 1042 in
736 1026 763 1042 eis
774 1025 876 1042 necessaria
887 1031 923 1042 uon
934 1025 994 1042 desint
1004 1025 1099 1048 obsequia,

178 1058 254 1076 volumus
265 1062 283 1075 et
292 1059 401 1079 ordinamus,
416 1062 435 1075 ut
449 1058 513 1081 prefati
523 1058 603 1078 abbates,
614 1058 696 1081 ipsorum
710 1058 812 1075 studiorum
825 1061 913 1079 rectores,
926 1058 944 1075 in
955 1058 982 1075 eis
992 1058 1099 1081 provideant

179 1091 198 1108 de
208 1091 301 1109 cellarariis
311 1095 329 1108 et
338 1091 377 1108 aliis
388 1091 496 1108 officialibus
506 1091 584 1112 idoneis,
592 1094 647 1114 prout
656 1091 757 1108 necessitas
769 1091 797 1108 vel
812 1091 879 1108 utilitas
890 1090 988 1113 cujuslibet
997 1091 1099 1108 studiorum

179 1124 252 1147 requiret
260 1125 348 1147 ipsorum;
363 1124 448 1147 quodque
462 1124 497 1147 ipsi
510 1124 598 1141 cellararii
609 1128 627 1141 et
637 1124 724 1141 officiales
735 1124 858 1146 juramentum
871 1124 978 1147 prestabunt
989 1124 1011 1141 de
1021 1123 1099 1140 fideliter

179 1157 300 1180 dispensando,
312 1163 332 1174 ac
345 1157 367 1174 de
381 1156 459 1180 receptis
469 1160 487 1173 et
497 1157 581 1180 expensis
593 1157 683 1174 rationem
696 1156 798 1178 reddendo,
811 1157 963 1180 quemadmodum
976 1156 1061 1179 superius
1071 1160 1099 1173 est

178 1195 282 1212 expressum.

217 1222 238 1239 Et
247 1222 286 1245 quia
299 1222 351 1239 decet
360 1226 378 1239 et
386 1222 466 1245 expedit,
480 1225 499 1239 ut
513 1222 557 1239 inter
571 1222 632 1239 studia
645 1225 706 1239 cetera
718 1222 799 1239 studium
809 1222 912 1239 Parisiense
925 1222 1015 1243 refloreat,
1026 1225 1045 1239 et
1053 1222 1099 1246 juge

178 1255 213 1272 sine
226 1255 364 1272 intermissionis
378 1255 475 1278 dispendio
490 1255 582 1276 habeatur,
597 1255 695 1272 statuimus
709 1258 727 1272 et
742 1256 848 1273 ordinamus
863 1256 912 1278 quod
926 1256 944 1272 in
959 1255 1024 1272 eodem
1038 1256 1099 1273 studio

178 1288 269 1305 Parisiensi
283 1288 391 1311 deputentur
404 1289 493 1311 magistri„
507 1288 607 1309 baecalarii,
621 1292 639 1305 et
650 1289 729 1306 lectores
744 1289 810 1310 Biblia,
821 1295 841 1306 ac
853 1289 964 1312 provisores,
976 1289 1072 1311 cellararii,
1082 1293 1101 1307 et

178 1320 204 1337 alii
217 1320 300 1338 officiales
314 1321 390 1343 predicti
402 1321 478 1338 Ordinis
493 1327 525 1344 per
537 1321 642 1344 Capitulum
658 1322 750 1345 generale.
765 1322 818 1344 Quod
834 1322 849 1339 si
864 1322 899 1345 ipsi
913 1323 942 1340 vel
957 1323 1022 1346 aliquis
1037 1329 1100 1341 eorum

233 1350 248 1359 u
256 1349 304 1362 chart.
314 1349 353 1362 Unio.
362 1350 409 1362 Faria.
418 1350 434 1364 ιι,
443 1350 456 1362 1.
1023 1353 1038 1365 ⁵⁷
