1273 1538
173 29 205 46 132
462 33 620 46 CHARTULAMUM
637 34 731 46 uaivrns.
749 35 813 46 ranis*
1050 27 1096 46 [1308

174 71 254 95 perlatis,
265 77 300 89 nos
311 71 414 94 cupientes,
425 74 444 88 ut
458 71 506 88 inter
520 72 607 89 decanum
622 75 640 89 et
654 72 759 95 capitulum,
775 75 863 88 rectorem
878 74 896 88 et
909 71 1046 88 Universitatem
1058 77 1096 94 pre-

175 105 240 126 dictos,
260 105 348 129 vepribus
369 105 461 122 discordie
478 108 496 122 et
512 105 634 122 dissensionis
652 105 757 128 hujusmodi
774 105 861 122 radicitus
879 105 981 127 amputatis,
999 111 1031 127 pax
1049 104 1096 121 firma

174 138 244 162 vigeret
291 139 384 162 negotium
399 138 458 162 ipsum
470 138 492 155 ad
506 142 585 156 nostram
596 142 614 155 et
622 138 670 155 dicte
685 139 734 155 sedis
749 138 858 155 audientiam
873 144 905 161 per
919 141 990 155 nostras
1004 138 1037 155 suh
1052 141 1096 155 certa

174 173 230 189 forma
243 172 313 190 litteras
326 173 410 190 duximus
424 172 552 193 revocaudum,
565 172 620 189 certis
630 171 725 195 judicibus
738 178 771 195 per
781 172 853 189 easdem
866 171 936 189 litteras
949 172 1069 195 injungentes,
1079 175 1096 189 ut

175 206 262 223 decanum
273 210 291 223 et
300 206 398 229 capitulum
408 211 427 222 ac
439 209 527 222 rectorem
538 209 556 222 et
565 205 705 222 Universitatem
716 206 802 228 prefatos,
812 208 844 223 etc,
855 208 875 223 u!
885 211 939 228 supra
949 208 967 222 n¹¹
976 206 1014 222 065.
1025 206 1096 222 Demum

175 243 233 256 autem
244 239 313 256 decano
321 242 339 256 et
348 238 433 263 capitulo,
442 241 513 255 rectore
523 242 541 255 et
550 238 672 255 Universitate
683 238 769 261 predictis
779 239 876 255 earundem
888 238 987 255 litterarum
997 239 1096 255 auctoritate

175 273 240 294 citatis,
252 279 272 290 ac
283 272 354 290 dilectis
364 272 407 289 filiis
418 273 471 289 Petro
485 272 601 289 succentore*
612 275 629 289 et
639 272 715 289 Radulso
725 272 853 295 penitentiario
866 272 912 289 dicte
926 272 1001 289 ecclesie
1011 272 1072 289 decani
1081 276 1097 289 et

174 306 255 329 capituli,
265 312 285 323 ac
298 306 390 329 magistris
402 305 470 322 Thomu
483 306 505 322 de
515 305 609 323 Gehennis
619 308 636 323 et
646 305 694 323 dicto
704 306 761 323 Adam
772 306 794 323 de
805 305 882 323 Villanis
896 306 971 323 rectoris
981 309 998 323 et
1010 306 1096 323 Universi-

175 339 216 356 tatis
230 339 353 362 predictorum
367 339 516 362 procuratoribus
529 339 654 362 procuratorio
668 339 741 356 nomine
755 339 855 356 eorundem
869 339 914 356 insra
927 339 993 356 dictum
1006 340 1095 356 terminum

175 371 322 395 comparentibus
332 378 392 389 coram
402 372 456 389 nobis
466 375 484 389 et
494 373 521 389 eis
531 372 602 389 tandein
613 373 631 389 in
641 376 703 389 nostra
714 376 730 389 et
741 373 815 389 fratrum
826 376 929 389 nostrorum
940 373 1029 395 presentia
1039 379 1097 396 perso-

175 405 240 422 naliter
253 406 357 423 constitutis
371 412 391 423 ac
404 406 486 428 exposito
500 406 548 423 dicto
562 406 635 429 negotio
649 412 682 429 per
695 406 776 427 eosdem,
790 412 831 424 nos,
842 406 939 422 intellectis
950 411 984 428 que
996 406 1049 423 iidem
1059 412 1097 429 pro-

175 442 268 456 curatores
279 445 381 462 proponere
391 439 495 460 voluerunt,
507 439 602 462 cupientes
615 442 649 456 tam
660 439 724 456 decani
734 442 752 456 et
761 438 835 462 capituli
847 445 899 462 quam
912 439 988 456 rectoris
999 443 1016 456 et
1026 439 1097 456 Univer-

175 472 233 489 sitatis
245 472 368 495 predictorum
378 478 475 495 precavere
488 472 590 495 dispendiis
600 478 700 495 eorumque
712 472 769 495 quieti
779 472 801 489 ad
811 478 888 496 presens
900 472 996 489 consulere
1006 472 1098 490 salubriter

174 505 192 522 in
203 505 236 522 hac
246 509 302 529 parte,
313 506 398 523 volumus
410 506 460 529 quod
471 505 526 527 bona,
537 512 571 529 que
585 506 658 523 suerunt
667 505 744 529 predicti
754 505 845 529 quondam
857 506 937 529 magistri
948 506 1027 527 Roherti,
1038 506 1072 523 sint
1081 506 1098 523 in

175 539 243 556 nostris
258 539 341 556 manibus
358 539 476 556 custodienda
491 542 554 556 nostro
569 542 586 556 et
600 539 678 556 ecclesie
695 540 775 556 Romane
790 539 863 556 nomine
876 545 909 563 per
922 539 1006 556 dilectum
1023 539 1077 556 filium
1087 553 1096 556 ..

174 572 256 590 abbatem
267 572 373 590 monasterii
386 572 445 589 Sancti
455 572 535 590 Victoris
545 573 595 595 juxta
605 573 686 589 Parisius
698 578 756 595 usquc
766 572 788 589 ad
801 575 863 589 nostre
873 576 890 589 et
900 572 947 589 dicte
960 573 1008 590 sedis
1017 573 1098 596 benepla-

174 606 230 623 citum
240 605 344 627 voluntatis,
355 606 379 623 ita
392 608 450 622 tamen
464 605 513 629 quod
527 611 560 629 per
569 605 602 623 hoc
614 606 685 629 utrique
698 606 743 629 parti
754 606 865 629 superjurc=
876 606 925 629 quod
937 612 992 629 super
1001 606 1036 623 hiis
1045 606 1071 623 vel
1081 607 1098 623 in

174 639 210 656 hiis
223 645 242 656 se
255 639 347 662 pretendit
358 638 431 660 habere,
442 638 513 656 nullum
523 639 583 662 quoad
594 639 722 662 proprietatem
733 643 751 656 et
760 640 897 663 possessionem
907 639 935 656 vcl
946 640 997 662 quasi
1006 639 1034 656 vel
1043 639 1098 662 aliquo

174 673 209 690 alio
223 673 343 695 prejudicium
358 676 463 696 generetur,
474 675 492 689 et
504 672 552 690 idem
562 676 579 689 et
590 673 654 689 eodem
667 672 721 689 modo
732 673 750 689 in
760 672 834 690 casibus
845 672 942 694 similibus,
953 673 968 690 si
978 676 1018 690 ante
1027 672 1099 690 decisio-

174 712 215 723 nem
228 706 331 729 questionis
343 706 372 723 vcl
385 706 476 723 discordie
490 705 596 729 hujusmodi
608 706 722 727 emerserint,
735 706 851 723 decernimus
862 706 1001 723 observandum.
1012 706 1099 728 Quoscun-

175 746 210 763 que
226 740 302 763 insuper
320 745 418 763 processus
435 739 507 756 habitos
524 745 556 762 per
573 740 713 757 Universitatem
731 739 831 762 predictam
847 745 880 756 seu
897 739 988 762 quoslibet
1004 739 1048 757 alios
1063 740 1099 763 ejus

174 774 247 791 nomine
262 777 324 791 contra
338 774 397 790 dictos
411 773 500 790 decanum
516 776 533 790 et
546 773 643 797 capitulum
658 774 697 791 sive
711 773 814 797 singulares
829 779 917 797 personas
930 773 977 791 dicte
989 773 1064 790 ecclesie
1073 777 1100 791 aut

174 813 207 831 per
219 807 307 824 decanum
322 810 340 824 et
354 806 451 830 capitulum
466 810 577 824 memoratos
590 807 619 824 vel
631 807 678 824 alios
692 813 725 830 pro
740 807 767 824 eis
781 810 844 824 contra
857 807 995 824 Universitatem
1008 807 1099 830 predictam

174 841 213 858 sive
223 841 327 864 singulares
338 846 426 864 personas
436 840 495 863 ipsius
505 841 568 862 factos,
577 841 592 857 si
602 840 674 863 aliquos
684 841 730 857 sorte
740 841 828 858 fecissent
838 841 933 858 occasione
942 840 989 857 dicte
998 840 1099 863 questionis,

174 875 299 892 controversie
313 880 345 892 seu
359 874 451 891 discordie
465 874 494 891 vel
508 874 585 897 alicujus
598 874 669 891 articuli
683 874 804 897 dependentis
815 874 837 891 ab
847 880 874 895 ca,
885 880 906 891 ex
917 880 964 891 nunc
977 874 1100 897 suspendimus

175 908 262 931 ipsosque
277 908 336 925 taliter
350 913 452 931 suspensos
467 907 525 925 semel
539 908 642 925 denuntiari
653 907 740 931 jubemus
755 914 787 931 per
800 908 940 925 Universitatern
954 914 973 925 ac
987 907 1071 925 decanum
1085 911 1101 925 et

174 942 273 965 capitulum
288 942 403 965 supradictos
415 941 497 958 Parisius
511 942 529 958 in
543 941 658 958 sermonibus
669 945 687 958 et
696 941 742 958 locis
752 941 845 962 omnibus,
858 942 876 958 in
887 941 954 964 quibus
964 947 1060 964 processus
1069 941 1101 964 ipsi

174 975 260 999 publicati
270 976 350 992 suerunt.
361 975 450 992 Predictis
460 978 542 998 preterea
552 974 702 998 procuratoribus
712 975 775 992 decani
786 978 804 992 et
813 975 887 998 capituli
897 978 914 991 ct
924 975 943 991 in
953 975 1036 998 personis
1044 981 1100 992 eorum

174 1008 220 1032 ipsis
230 1009 299 1026 decano
310 1012 328 1026 et
337 1008 423 1032 capitulo,
434 1008 585 1031 procuratoribus
595 1014 638 1025 vero
649 1008 696 1025 dicte
707 1008 835 1026 Universitatis
846 1012 864 1025 et
873 1014 905 1031 per
916 1014 948 1025 eos
959 1008 1005 1025 dicte
1016 1008 1101 1025 Universi·

174 1042 206 1058 tati
217 1048 237 1058 ac
248 1042 374 1065 singularibus
387 1042 471 1065 personis
484 1042 543 1065 ipsius
555 1042 590 1059 sub
602 1048 648 1065 pena
660 1042 775 1065 gravissima,
786 1048 839 1065 quam
850 1042 865 1058 si
876 1042 1023 1065 contempserint,
1036 1041 1101 1058 indubi⁴

174 1078 233 1092 tanter
243 1078 345 1098 expectent,
356 1075 457 1092 districtius
468 1075 579 1096 inhibemus=
589 1078 609 1092 ut
619 1081 654 1092 una
665 1081 707 1098 pars
717 1078 779 1092 contra
789 1075 842 1092 aliam
855 1081 964 1098 quocunque
974 1075 1035 1092 colore
1045 1075 1102 1098 exqui-

175 1108 210 1125 sito
220 1108 312 1131 pendente
322 1108 418 1131 questione
429 1108 526 1126 occasione
536 1108 641 1131 hujusmodi
651 1108 721 1131 aliquid
730 1111 813 1130 attentet,
823 1108 899 1125 innovet
908 1108 936 1125 vel
947 1108 1028 1125 immutet
1037 1108 1074 1125 sive
1082 1108 1102 1125 ad

174 1141 251 1164 aliquam
263 1142 360 1158 novitatem
374 1141 466 1165 procedat*
480 1141 509 1158 Ad
522 1141 556 1158 hec
569 1145 628 1159 autem
642 1142 749 1159 mandamus
762 1142 834 1165 utrique
845 1142 897 1165 parti,
908 1144 928 1158 ut
937 1148 970 1164 per
982 1145 1103 1165 procuratores

175 1174 268 1198 legitimos
278 1174 296 1191 in
309 1174 415 1198 hujusmodi
430 1175 505 1198 negotio
521 1174 632 1192 sufficienter
644 1175 744 1192 instructos
758 1181 800 1192 eum
815 1175 918 1198 privilegiis
931 1178 949 1192 et
959 1175 998 1192 aliis
1008 1175 1079 1198 juribus
1087 1179 1104 1192 et

175 1208 293 1225 munimentis
308 1208 402 1231 negotium
416 1208 517 1230 predictum
532 1208 682 1231 contingentibus
695 1208 752 1231 prima
764 1208 794 1225 die
804 1208 884 1231 juridica
896 1211 938 1231 post
949 1208 1014 1225 festum
1024 1209 1104 1225 Purifica-

175 1241 230 1259 tionis
245 1241 297 1258 beate
311 1241 368 1258 Marie
381 1241 464 1264 Virginis
478 1241 560 1264 proximo
574 1244 677 1262 venturum,
690 1247 743 1264 quam
758 1241 785 1258 eis
800 1241 922 1264 peremptorie
933 1241 1053 1265 assignamus,
1067 1242 1104 1259 uhi-

174 1281 247 1299 cunque
256 1275 352 1296 fuerimus,
367 1277 483 1297 compareant
496 1280 556 1291 coram
569 1274 622 1291 nobis
635 1278 718 1292 nostrum
730 1280 786 1298 super
799 1274 835 1291 biis
848 1274 981 1298 beneplacitum
994 1275 1074 1292 auditure
1086 1281 1104 1293 ac

175 1308 308 1325 ordinationem
324 1311 341 1325 et
358 1308 499 1325 declarationem
519 1311 599 1325 nostram
616 1313 672 1331 super
688 1307 776 1331 predictis
792 1313 826 1331 per
842 1313 876 1324 nos
892 1308 991 1325 faciendam
1008 1308 1071 1325 devote
1086 1314 1104 1326 ae
