1273 1538
190 58 232 77 1331]
380 65 403 76 An
420 64 472 76 intuo
489 64 604 76 mcccxxxv!
621 64 687 79 usour
703 65 727 76 ,11]
744 65 812 76 aanor«
826 65 896 76 nacci„
1064 60 1096 76 359

188 102 241 119 dinem
251 102 303 119 totius
313 101 388 118 ecclesie
403 101 510 122 Gallicane¹J
523 107 560 118 non
573 104 614 118 sunt
629 101 647 117 iu
662 105 722 118 nostra
737 101 819 118 facultate
833 101 905 118 licentie
918 101 1039 122 concedende,
1055 108 1094 118 cum

188 135 239 152 solum
249 135 269 151 de
279 135 350 151 biennio
360 135 378 151 in
389 134 480 151 biennium
491 138 598 151 consuetum
608 135 631 151 sit
640 134 740 155 licentiare,
750 138 767 151 et
777 140 823 151 anno
834 134 918 157 preterito
927 134 1008 151 licentias
1020 135 1094 151 eontulit

187 168 203 185 in
212 171 267 185 nostra
276 167 363 189 facultate,
374 171 391 184 et
400 173 447 184 anno
457 167 517 184 futuro
528 167 589 190 dignis
600 167 677 185 debeant
687 167 725 184 dari
735 167 813 188 lieentie,
824 170 842 184 et
851 173 887 184 non
898 173 944 184 anno
956 167 1035 190 presenti
1045 168 1095 190 juxta

187 201 317 218 consuetudines
331 200 428 217 antedictas
439 206 443 217 z
454 200 522 217 idcirco
537 206 571 223 ego
586 200 697 224 Reginaldus
712 201 734 218 de
749 201 865 222 Cornemare,
882 200 991 218 substitutus
1004 206 1013 217 a
1028 200 1096 217 decano

186 234 265 251 facultatis
274 234 367 255 medicine,
375 233 444 251 habens
454 234 475 250 ad
485 233 519 250 hoc
530 233 632 250 mandatum
642 233 741 255 sufficiens,
750 234 833 251 senciens
844 240 872 250 nie
881 238 899 251 et
908 233 1009 251 facultatem
1017 237 1096 251 nostram

185 268 265 285 medicine
274 271 291 284 et
303 267 385 291 singulos
395 267 492 290 magistros
503 267 584 290 ejusdem
595 273 627 290 per
639 273 672 284 vos
682 268 787 291 magistrum
798 268 915 285 Guillelinum
927 268 949 285 de
962 267 1043 285 Narbona
1056 273 1098 285 eau-

185 301 267 318 rellarium
277 301 395 318 Parisiensem
405 304 479 323 propter
488 301 576 323 premissa
588 304 604 317 et
615 301 688 324 singula
698 301 828 324 premissorum
839 301 962 324 multipliciter
974 305 1097 324 pergravatos,

186 334 244 351 timens
260 334 309 351 etiam
324 340 345 351 ex
363 333 494 351 verisimilibus
514 334 624 356 conjecturis
639 340 648 351 a
661 334 715 351 vobis
732 334 851 357 imposterum
867 334 943 358 amplius
959 335 1059 358 aggravari,
1075 334 1098 351 ob

186 368 264 390 premissa
276 368 377 390 gravamina
390 370 407 384 et
420 373 482 384 eorum
493 367 594 390 quodlibet,
605 373 628 384 ne
638 367 716 384 ulterius
727 367 748 384 tle
760 368 814 388 facto,
824 373 864 384 cum
878 368 900 384 de
912 368 953 390 jure
968 374 1005 385 non
1017 368 1099 391 possitis*

184 404 238 417 contra
247 406 278 417 nos
287 404 316 418 aut
331 400 414 423 singulos
429 400 527 423 magistros
541 400 588 417 dicte
601 404 664 418 nostre
678 400 767 417 facultatis
782 400 890 423 procedatis,
905 404 934 417 aut
950 401 998 418 dicto
1013 401 1099 424 magistro

184 433 251 451 Alsonso
260 433 347 451 licentiam
357 434 468 455 concedatis,
479 437 496 450 et
507 439 529 450 ne
540 433 599 450 dietus
609 434 715 456 Alphonsus
726 433 816 451 licentiam
826 440 835 450 a
847 433 900 450 vobis
912 434 930 450 in
941 437 1002 451 nostra
1016 434 1099 451 facultate

183 467 202 484 de
211 467 252 484 sacto
262 467 339 490 recipiat,
349 473 390 484 cuin
400 467 422 483 de
430 467 472 489 jure
482 473 518 483 non
529 467 588 489 possit
598 473 631 484 nec
646 467 711 484 debeat
724 470 798 490 propter
810 467 896 490 predicta,
909 467 931 483 ad
945 470 1023 484 sanctam
1037 467 1099 484 sedent

183 499 287 523 apostolicam
298 506 306 517 a
316 500 368 517 vobis
379 503 396 517 et
406 503 468 517 contra
478 506 517 520 vos,
529 500 602 517 domine
611 500 719 517 cancellarie
730 500 845 521 Parisiensis,
856 500 908 517 etiam
918 503 980 517 contra
994 500 1099 523 magistrum

182 533 266 550 Alfonsum
276 537 293 550 et
302 537 363 551 contra
373 539 436 550 omnes
446 539 493 556 quos
504 533 599 556 negocium
611 539 688 556 presens
698 533 762 556 tangit,
773 533 846 550 nomine
856 539 896 550 mco
907 536 924 550 ct
935 533 1024 550 facultatis
1038 537 1099 550 nostre

182 566 252 590 predicte
266 570 283 583 et
296 566 409 590 singulorum
423 566 551 589 magistrorum
568 570 630 583 nostre
645 566 734 584 facultatis
748 572 767 583 ac
782 566 862 583 omnium
879 570 897 583 et
913 566 1027 589 singulorum
1045 566 1099 583 nobis

181 599 294 617 adherentium
308 603 326 617 et
339 600 427 617 adherere
443 599 542 617 volentium
558 600 576 616 in
589 599 622 617 hac
638 603 695 623 parte,
711 600 729 617 in
742 600 771 617 his
785 600 858 623 scriptis
873 605 951 623 provoco
967 603 984 617 et
998 599 1069 623 appello
1082 602 1100 616 et

181 633 264 656 apostolos
273 639 281 650 a
291 633 342 650 vobis
353 634 447 654 instanter,
458 633 557 650 instantius
568 637 585 650 ct
594 633 726 650 instantissime
736 634 810 650 nomine
820 633 943 656 procuratoris
953 633 1035 656 predicto
1045 633 1100 650 iniclii

181 666 212 683 dari
223 669 238 683 et
247 666 319 683 concedi
329 670 376 689 peto.
388 666 438 688 Quos
449 666 464 683 si
475 666 530 683 michi
541 666 584 683 dare
594 666 729 689 denegaveritis
739 670 769 683 aut
778 666 820 689 plus
830 666 891 683 debito
906 666 1021 687 distuleritis,
1035 666 1101 683 iteruin

181 699 200 716 ob
209 699 239 716 hoc
252 703 270 716 ut
280 700 336 722 primo
351 705 387 722 quo
401 705 455 722 supra
470 699 544 716 nominc
557 699 579 716 ad
594 700 670 716 eandem
687 700 749 716 sedem
763 700 880 722 apostolicam
896 705 975 723 provoco
990 703 1008 716 et
1021 699 1100 722 appello«

181 736 272 755 protestans
281 733 303 749 de
312 732 345 750 hac
355 733 436 755 presenti
446 732 568 755 appellatione
581 739 614 749 seu
628 733 757 755 provocatione
770 733 879 754 innovanda,
891 732 996 754 intimanda,
1010 733 1101 749 mutanda.

180 766 282 789 corrigenda,
293 769 310 783 et
320 766 341 783 tle
352 766 436 783 addendo
447 766 506 783 eidem
517 769 535 783 et
546 766 671 787 diminuendo.
683 766 705 787 si,
714 769 773 789 prout.
783 766 862 789 quando,
873 769 891 783 et
900 765 967 789 quihus
977 765 1032 783 michi
1041 766 1101 783 visum

180 799 226 816 fuerit
235 799 322 823 expedire.
333 799 443 823 Supponeus
452 805 481 816 nie
492 799 566 816 nomine
574 805 610 822 quo
619 805 674 822 supra
682 803 699 816 et
706 799 808 816 facultatem
817 803 896 817 nostram
905 799 1003 822 predictam
1012 802 1029 816 et
1037 805 1112 827 omnes'

179 836 193 849 et
202 832 279 856 singulos
288 832 384 856 magistros
397 832 444 849 dicte
457 832 548 849 facultatis
564 836 581 849 et
596 835 654 850 status
668 836 750 849 nostrum
765 832 873 856 protectioni
888 832 936 850 dicte
951 832 1007 854 sedis,
1021 836 1039 849 et
1052 838 1062 849 a
1076 828 1110 853 te,l

179 866 242 889 publico
252 865 353 887 tabellione,
365 871 393 883 me
404 869 496 889 presente,
507 865 548 883 loco
559 865 683 888 apostoloruum
695 865 850 886 testimonialium,
863 869 905 889 peto
916 865 970 883 michi
980 865 1053 882 nomine
1064 871 1100 888 quo

178 905 225 922 supra
234 905 286 923 super
297 899 382 916 omnibus
392 902 410 915 et
422 898 502 922 singulis
513 899 608 922 premissis
623 898 663 916 fieri
677 898 770 922 publicum
784 899 931 920 instrumentum,
944 899 973 916 hie
987 903 1066 916 astantes
1081 898 1100 915 iu

178 936 226 950 testes
235 933 317 950 invocans
327 933 349 950 de
360 932 462 956 premissis.
474 939 482 948 11

215 966 249 988 Qua
262 966 380 989 appellatione
395 972 427 983 seu
442 966 572 989 provocatione
585 965 612 982 sic
625 965 740 989 interposita,
756 966 842 989 magister
855 965 966 983 Gnillelmus
980 965 1099 983 cancellarius

178 999 262 1022 respondit
274 1000 321 1022 quod
334 1000 399 1016 dietam
415 999 505 1020 cedulam,
519 999 584 1016 dictam
601 999 749 1022 provocationem
763 1005 795 1016 seu
813 998 951 1022 appellationem
969 999 1099 1017 continentem,

178 1033 254 1055 prolecta
268 1032 348 1054 hahebat,
365 1036 382 1050 et
397 1033 446 1055 qnod
461 1033 552 1050 tricesima
567 1033 596 1049 (lie
611 1038 620 1049 a
631 1033 674 1055 jure
684 1036 750 1049 statuta
760 1032 820 1050 eidem
830 1032 923 1055 apostolos
935 1033 1045 1050 concederet
1055 1033 1100 1050 tales

177 1066 232 1089 quales
240 1066 308 1089 dejure
323 1066 365 1083 dare
378 1069 477 1083 teneretur⁴
493 1066 537 1083 Acta
547 1066 621 1083 fuerunt
631 1066 665 1083 hec
675 1066 694 1083 in
707 1066 762 1083 domo
775 1066 892 1083 habitationis
907 1066 949 1083 dicti
963 1066 1066 1083 cancellarii
1081 1066 1099 1083 in

177 1099 246 1117 claustro
260 1100 362 1121 Parisiensi,
373 1105 420 1117 anno
434 1103 453 1116 et
466 1099 495 1116 die
507 1099 624 1122 supradictis.
638 1099 757 1122 presentibus
770 1100 793 1116 ad
805 1099 839 1116 hec
855 1099 939 1117 discretis
953 1100 998 1117 viris
1013 1100 1100 1123 magistro

178 1132 258 1156 Stephano
273 1134 295 1150 Le
309 1133 388 1154 Barrois,
402 1133 468 1156 Egidio
480 1132 501 1149 de
513 1133 614 1150 Suessione
624 1137 642 1150 et
651 1133 734 1150 Johanne
744 1133 767 1150 de
782 1134 840 1156 Byon,
851 1133 971 1156 jurisperitis,
984 1139 1005 1150 ac
1018 1133 1100 1150 Johannt·

178 1165 196 1182 de
205 1166 269 1189 Digon‘
279 1167 365 1190 magistro
375 1166 394 1183 in
404 1166 482 1187 artibus,
493 1166 572 1183 testibus
582 1166 603 1183 ad
614 1166 647 1183 hec
658 1166 727 1183 vocatis
738 1170 756 1183 et
765 1167 841 1190 rogatis.

215 1200 280 1217 Deinde
289 1200 360 1217 veroin
371 1200 419 1217 exitu
430 1200 478 1217 dicte
489 1200 555 1217 domus
570 1200 614 1217 dicti
624 1200 694 1217 domini
708 1199 811 1217 cancellarii
828 1200 880 1223 quasi
894 1200 1015 1217 incontinenti
1030 1204 1071 1223 post
1083 1200 1102 1217 in

178 1233 207 1249 mei
219 1233 279 1250 notarii
294 1233 361 1256 publici
376 1233 488 1256 testiumque
502 1233 661 1257 insi-ascripturum
675 1234 770 1257 presencia
786 1233 906 1257 personaliter
920 1233 1014 1251 constituti
1028 1234 1103 1251 discreti

177 1266 205 1283 viri
215 1266 292 1290 magistri
301 1266 393 1284 Johannes
403 1267 426 1284 de
436 1267 481 1291 Dya,
495 1267 599 1291 Stephanus
614 1267 637 1285 de
652 1267 778 1287 Calvomonte,
795 1267 844 1285 Sello
858 1267 880 1284 de
894 1267 958 1288 Puteo,
973 1266 1066 1284 lohannes
1080 1268 1103 1285 de

178 1299 244 1321 lialinis,
252 1301 345 1318 Gratianus
354 1301 376 1318 de
385 1301 452 1322 Brixia,
460 1301 568 1324 ssadulplius
576 1301 665 1323 Pinclion,
673 1301 767 1318 Johannes
774 1301 798 1318 ‹le
806 1301 877 1324 Coussy
885 1304 902 1318 et
909 1301 1002 1318 Johannes
1011 1301 1033 1318 de
1041 1302 1103 1320 Portu.

177 1333 249 1355 magistri
259 1334 276 1350 in
286 1333 381 1354 medicina.
392 1334 440 1351 dicte
450 1335 577 1357 provocationi
587 1341 620 1351 scu
628 1334 746 1358 appellationi
755 1341 787 1357 per
796 1335 863 1352 dictum
872 1334 931 1351 locum
939 1337 1032 1352 tenentem
1040 1335 1104 1353 decani
