1273 1538
179 45 210 62 170
464 51 623 64 cuan'rULAitmn
640 53 736 64 uuivsns.
753 52 820 64 ranis,
1055 45 1099 64 [1314

178 87 227 110 quod
243 87 325 110 plerique
342 93 406 105 eorum
422 88 453 111 qui
470 88 488 105 in
508 89 571 111 quavis
585 89 660 106 scientia
676 89 698 106 ad
712 89 816 106 doctoratus
832 89 861 106 vel
875 88 974 111 magisterii
990 91 1099 105 assumuntur

178 120 273 142 honorem,
284 127 324 138 cum
334 127 367 138 sua
379 121 480 138 solenniter
489 122 577 144 principia
587 122 661 142 faciunt,
671 125 701 139 aut
710 122 739 138 sui
749 121 840 144 recipiunt
849 122 928 144 insignia
938 121 1047 142 doctoratus,
1057 120 1099 138 circa

179 153 237 175 cibos,
247 157 315 175 vestes,
323 157 341 171 et
352 154 386 171 alia
397 154 423 171 sic
435 154 454 171 in
466 154 552 177 expensis
562 154 658 175 excedunt,
666 154 715 177 quod
726 157 744 171 et
754 154 789 177 ipsi
801 157 906 171 transeunte
916 160 1034 177 expensarum
1043 153 1100 176 hujus-

179 187 229 204 modi
238 187 316 204 vanitate
325 187 377 204 vacui
387 186 494 209 plerumque
505 189 609 204 remaneant
619 190 637 203 et
646 186 722 209 gravati,
730 190 748 203 et
757 187 814 204 ceteri
824 187 855 210 qui
865 186 893 204 vel
904 186 968 203 nolunt
977 187 1006 204 vel
1015 190 1100 209 nequeunt

179 219 249 237 similes
260 225 350 243 expensas
362 219 431 240 subire,
444 219 476 236 hac
488 219 583 236 occasione
595 219 700 242 frequenter
712 225 721 236 a
734 219 838 242 receptione
851 219 926 236 honoris
938 219 1041 242 hujusmodi
1051 222 1100 236 retra-

179 252 253 270 huntur.
268 253 356 270 Volentes
370 252 426 275 igitur
439 252 460 269 de
475 255 578 275 opportuno
592 258 648 275 super
660 252 696 269 hiis
709 252 789 270 remedio
802 252 906 275 providere,
921 252 958 270 illis
972 252 994 269 ad
1008 258 1052 275 quos
1065 252 1101 270 uhi—

179 286 225 303 libet
235 286 314 309 pertinet
327 286 416 303 honorem
431 285 511 302 tribuere
524 288 649 306 memoratum,
662 286 743 302 districte
757 286 868 308 precipimus
883 289 902 302 ut
914 292 1032 308 quoscunque
1046 285 1067 302 ab
1078 286 1101 303 eis

180 320 265 336 decetero
282 319 349 335 dictum
364 318 475 341 recipientes
491 318 579 335 honorem
591 318 694 341 juramento
709 318 760 341 prius
775 319 898 342 adstringant,
914 325 936 335 ne
950 319 996 335 ultra
1008 319 1039 335 tria
1052 319 1101 336 millia

179 355 273 369 turonens.
288 355 416 375 argenteorum
430 351 448 368 in
460 351 569 368 solennitate
583 351 630 369 circa
642 351 747 374 hujusmodi
759 352 872 369 doctoratum
885 355 915 368 aut
927 352 1048 375 magisterium
1062 358 1102 375 quo-

180 385 280 402 modolibet
292 385 394 402 adhibenda
407 384 517 408 expendant,
530 385 618 407 ipsosque
630 385 760 402 nichilominus
775 385 811 402 nisi
825 385 887 402 forsan
900 385 986 402 notabilis
1000 385 1102 402 conditionis

180 418 278 439 extiterint,
292 421 311 435 ut
323 418 369 435 infra
381 424 468 435 summam
483 418 581 441 predictam
595 418 701 440 hujusmodi
714 418 833 435 moderentur
843 424 929 441 expense,
942 418 1035 435 efficaciter
1047 418 1102 435 exhor-

179 455 248 473 tantes,
260 457 280 468 ac
292 451 308 468 si
320 451 355 469 hoc
366 451 440 468 illorum
453 457 555 474 congruere
570 451 624 468 statui
636 451 725 473 viderint,
735 452 859 474 juramentum
874 451 968 474 exigentes
981 451 1002 468 ab
1013 451 1047 472 eis,
1059 452 1102 474 quod

179 488 240 502 certos
255 485 301 502 infra
317 491 405 502 summam
422 485 509 507 prefatam
523 485 610 502 taxandus
625 484 647 502 ab
663 485 715 508 ipsis,
731 490 852 507 expensarum
866 485 954 501 terminos
967 490 1003 501 non
1017 485 1102 502 excedant.

179 518 198 535 Si
208 518 250 541 quis
260 521 327 540 autem,
337 518 437 541 pontificali
448 518 502 535 etiam
514 518 602 541 dignitate
612 518 727 541 prefulgens,
738 524 774 535 non
785 521 859 541 recepto
871 518 921 540 prius
929 518 1031 540 juramento
1041 518 1102 541 prefato

179 551 268 569 honorem
277 551 360 574 cuiquam
371 551 456 568 tribuerit
465 551 598 574 supradictum,
610 557 620 568 a
631 551 728 568 collatione
742 551 843 574 magisterii
856 557 889 568 seu
900 551 1004 568 doctoratus
1014 551 1104 574 cujuslibet

180 590 212 608 per
222 590 254 602 sex
265 590 339 602 menses
350 588 449 608 sequentes
460 590 482 602 eo
494 584 535 607 ipso
546 585 618 602 noverit
630 590 650 602 se
662 590 778 607 suspensum.

226 633 289 645 Clamant>
296 634 313 645 dt
319 623 407 649 mugiunt,
415 633 426 648 1,
434 633 446 645 Ἀ
453 640 470 642 -
476 633 538 648 Bulaeusy
545 634 566 648 tv,
574 633 602 645 132.
608 640 625 642 —
634 633 682 645 Glona
689 633 706 645 ad
716 633 782 646 Clementi
790 633 826 649 dicit,
834 635 898 645 statutum
905 634 987 650 praedictum
994 637 1001 645 c
1010 633 1065 646 Concilio
1071 633 1099 646 Vim

178 655 216 668 mut
223 659 296 668 emmane*
304 655 330 668 Nec
337 657 381 668 umen
388 655 402 667 tn
410 657 446 668 uxta
452 655 501 668 dieitur
507 659 514 667 «ι
521 659 559 668 mem
565 655 647 672 approbante
654 655 712 668 Concilio
720 659 731 668 n.

180 763 236 783 710.
249 767 312 782 clemens
324 769 336 782 ν
344 767 421 782 bannim
431 767 450 782 de
458 767 525 787 Neapoli,
536 768 624 782 cancellar-'o
633 768 719 787 rarissumi,
730 769 794 787 injungit
803 771 818 782 ue
827 769 871 787 fram
878 769 943 783 arnaldo
952 769 1017 787 Roiardi,
1027 769 1059 783 cra.
1067 769 1102 787 Min„

224 793 288 811 migma
295 793 375 811 magister-¹1
382 794 396 806 ιι
403 792 476 806 licentiam
483 793 542 811 regenda·
549 793 564 806 i„
572 793 644 812 theologia
651 793 711 807 tribuae.

696 843 731 858 rau,
739 843 783 856 'arm'
788 843 812 858 297
819 843 854 860 apud
859 843 918 857 castrum
923 843 971 857 ΙΙοηΙΙη,

225 891 295 908 Dilecto
310 891 348 908 filio
359 904 370 908 ..
381 890 489 908 cancellario
502 891 579 908 ecclesie
592 891 707 908 Parisiensis.
723 883 831 908 Litterarum
847 892 922 908 scientia
937 895 955 908 et
967 891 1050 914 precipue
1062 891 1104 908 theo·

179 925 239 948 logice
252 925 342 942 facultatis
356 930 392 948 qua
406 924 485 942 dilectus
499 924 548 941 filius
559 924 614 941 frater
626 925 721 941 Arnardus
733 925 814 946 Roiardi,
828 925 903 942 Ordinis
918 925 1015 946 Minoram,
1029 924 1104 947 preditus

178 958 217 976 fore
232 958 334 976 dinoscitur
351 964 422 975 necnon
437 961 455 975 et
469 958 503 975 alia
517 964 549 975 sua
564 958 662 975 laudabilia
676 958 739 975 merita
754 958 851 981 probitatis
865 958 932 981 quibus
949 964 1043 981 personam
1059 964 1103 975 suam

177 992 267 1009 Dominus
280 992 405 1015 multipliciter
417 991 518 1014 insignivit,
534 994 635 1014 exposcunt
647 994 666 1008 ut
676 997 717 1008 cum
727 991 774 1008 idem
788 992 844 1008 frater
853 991 946 1008 Arnaldus
956 991 975 1008 in
986 991 1046 1008 eadem
1056 991 1103 1008 facul·

177 1028 212 1042 tate
229 1025 275 1042 adeo
291 1025 325 1042 Dei
341 1024 399 1048 gratia
418 1025 514 1047 adjuvante
531 1024 630 1047 profecerit
645 1025 695 1047 quod
711 1025 733 1041 ad
750 1024 853 1041 cathedram
871 1024 993 1047 magistralem
1012 1024 1102 1041 ascendere

176 1061 273 1080 mereatur,
284 1058 319 1075 sub
329 1058 391 1075 modio
403 1059 443 1081 ejus
456 1057 531 1075 lucerna
542 1064 579 1075 nou
590 1057 643 1075 lateat
654 1058 687 1075 sed
698 1057 717 1074 in
728 1061 828 1081 conspectu
840 1058 873 1075 Dei
886 1061 904 1075 et
915 1057 1009 1075 huminum
1021 1058 1077 1075 radios
1086 1057 1102 1074 in

175 1091 211 1108 fide
225 1091 298 1108 Domini
313 1091 400 1108 claritatis
414 1091 502 1112 effundat,
516 1097 536 1108 ac
551 1090 585 1108 sub
599 1092 639 1114 ejus
651 1090 751 1113 magistrali
763 1091 846 1108 doctrina
858 1091 893 1108 viri
907 1091 995 1114 prodeant
1005 1091 1101 1108 meritorum

174 1124 292 1141 laudabilium
303 1127 321 1141 et
330 1130 401 1141 morum
414 1124 508 1141 nobilitate
519 1124 620 1146 conspicui,
632 1124 663 1147 qui
676 1123 711 1141 sibi
725 1130 757 1147 per
767 1124 879 1141 incrementa
890 1124 976 1141 virtutum
988 1127 1006 1141 et
1016 1124 1054 1141 aliis
1065 1130 1102 1147 pro-

174 1157 236 1174 ficiant
247 1163 279 1180 per
291 1157 379 1180 exempla.
393 1157 421 1174 Ad
434 1157 487 1179 cujus
499 1156 621 1174 eruditionem
634 1157 717 1174 doctrine
729 1160 758 1174 est
767 1157 819 1179 juxta
831 1162 900 1174 morem
911 1156 1008 1180 plurimum
1020 1160 1101 1180 oportuna

174 1190 247 1207 licentia
260 1190 378 1213 magistralis,
391 1190 444 1213 cujus
458 1190 554 1207 concessio
568 1190 591 1206 ad
605 1193 623 1207 te
635 1189 737 1207 dinoscitur
751 1190 850 1213 pertinere*
864 1190 902 1207 Nos
914 1190 974 1213 itaque
986 1190 1017 1213 qui
1029 1190 1100 1207 studium

174 1223 231 1240 divini
238 1221 288 1246 juris
298 1228 330 1246 per
340 1223 438 1246 dignorum
451 1223 546 1240 doctorum
557 1226 674 1246 augmentum
687 1223 770 1245 cupimus
781 1222 864 1246 ampliari
877 1226 894 1240 et
904 1223 922 1240 in
935 1229 957 1240 eo
968 1223 1035 1240 erudiri
1046 1223 1100 1240 ortho-

174 1256 221 1273 doxe
235 1256 278 1273 fidei
292 1255 388 1277 zelatores,
404 1255 510 1273 discretioni
523 1259 553 1273 tue
566 1256 588 1273 de
603 1261 637 1278 qua
653 1255 724 1278 plenam
739 1256 758 1272 in
773 1256 851 1273 Domino
866 1255 949 1273 fiduciam
963 1256 1063 1273 obtinemus
1072 1261 1100 1279 per

174 1289 273 1312 apostolica
288 1289 354 1312 scripta
371 1289 453 1306 districte
470 1289 588 1312 precipiendo
605 1289 711 1306 mandamus
727 1289 813 1312 quatinus
830 1289 888 1306 eidem
903 1290 953 1306 fratri
968 1289 1046 1306 Arnaldo
1060 1290 1099 1306 infra

174 1322 244 1339 instans
254 1322 319 1339 festum
330 1322 378 1339 beati
387 1322 477 1339 Iohannis
488 1322 569 1345 Baptiste
579 1322 658 1345 insignia
668 1322 769 1345 magisterii
779 1322 906 1344 concedendo,
917 1323 992 1346 regendi
1002 1326 1020 1340 et
1029 1322 1099 1340 docendi

236 1351 256 1363 υ.
