1273 1538
176 35 209 52 508
464 39 622 51 emma-nnumin
639 39 733 50 umvsnst
752 39 816 51 nnis*
1048 33 1093 52 [1340

176 77 195 93 in
205 82 238 93 sue
248 76 326 93 culmine
340 77 445 100 majestatis,
459 80 477 93 et
491 77 599 93 universitas
613 77 741 99 magistrorum
756 79 773 93 et
786 76 882 93 scolarium
897 76 975 93 Parisius
989 76 1092 93 studentium

176 110 226 127 velut
237 110 335 127 fertilitatis
349 116 393 133 ager
405 110 474 127 fruetus
489 109 556 127 uberes
570 110 672 132 preferens,
686 109 704 126 in
717 116 753 133 quo
766 109 835 132 granati
848 110 939 126 scientiam
952 109 1043 132 colligunt,
1055 116 1093 133 pro-

177 144 230 160 ducat
244 144 293 161 viros
308 144 393 161 virtutum
408 143 493 160 varietate
507 143 602 163 secundos,
618 149 694 166 quorum
709 142 789 165 gloriosa
803 143 903 160 fecunditas
918 143 936 160 in
949 143 993 160 alios
1006 143 1095 162 effluenter,

176 177 282 198 effunditur,
293 183 358 200 parvos
369 176 494 199 magnificans,
504 176 559 193 rudes
569 176 655 193 erudiens
665 179 683 193 et
694 175 764 193 debiles
775 176 855 193 efficiens
865 176 961 197 virtuosos,
971 176 1033 193 horum
1042 176 1093 199 siqui-

177 210 218 227 dem
232 210 323 227 desiderio
339 210 383 226 mire
398 209 484 226 bonitatis
499 208 631 232 incorporalem
644 209 663 226 in
677 209 775 226 Parisiensi
789 209 850 226 studio
864 209 959 231 acquirunt
971 209 1066 226 litterarum
1079 212 1094 226 et

178 243 282 267 dogmatum
297 243 417 266 margaritam,
429 246 446 260 et
460 245 528 265 quanto
539 242 638 266 majoribus
648 242 716 260 suerint
727 242 849 264 libertatibus,
859 242 959 266 privilegiis
971 246 989 260 et
999 242 1093 260 franchisiis

178 277 291 297 communiti,
299 280 348 293 tanto
358 276 381 293 ad
391 276 447 299 ipsam
459 276 572 299 margaritam
581 276 715 299 incorporalem
724 276 852 299 acquirendam
860 277 958 294 ferventius
968 280 985 293 et
994 277 1094 299 propensius

180 315 212 332 pro
221 309 290 326 viribus
298 308 406 326 laborabunt
414 315 418 326 z
427 308 491 326 horum
501 309 562 332 itaque
571 308 630 326 habin-
640 310 786 327 consideratione
797 310 870 332 presatis
879 310 970 332 magistris
977 313 995 326 et
1001 309 1094 326 scolaribus

178 343 236 365 ipsius
247 343 374 360 Universitatis
385 342 501 365 presentibus
511 343 578 365 pariter
586 346 604 360 et
612 343 678 360 futuris
688 346 706 360 et
714 343 736 360 ad
746 343 806 366 ipsum
814 343 893 360 studium
903 343 1033 363 accedentibus.
1041 346 1068 360 aut
1077 349 1093 360 se

179 376 201 392 ad
212 376 321 392 veniendum
334 376 374 393 sine
386 376 449 393 fraude
462 379 480 393 et
492 375 584 393 actualiter
595 376 741 399 preparantibus,
753 382 773 393 ac
786 376 805 393 in
817 377 859 399 ipso
870 376 1026 396 commorantibus,
1038 379 1065 393 aut
1076 376 1094 393 ad

179 409 252 432 propria
264 409 390 430 redeuntibus,
404 409 522 426 concedimus
534 409 556 426 de
568 409 624 432 gratia
638 409 713 432 speciali
723 413 741 426 et
750 412 799 426 certa
810 409 884 426 scientia
897 412 915 426 et
924 410 946 426 de
956 412 1016 426 nostre
1025 409 1095 432 plenitu-

179 442 221 459 dine
234 443 335 465 potestatis,
349 449 372 459 ne
386 443 482 465 quisquam
498 442 555 459 laicus
568 443 693 466 cujuscunque
708 442 818 460 conditionis
832 442 861 459 vel
873 443 969 459 eminentie
981 443 1048 462 existat,
1061 443 1094 460 sive

179 476 246 499 privata
261 482 346 499 persona,
363 476 466 499 prepositus
482 476 510 493 vel
525 476 609 497 ballivus,
625 476 704 499 prefatos
720 476 817 499 magistros
833 479 851 493 et
866 475 945 493 scolares
961 479 991 493 aut
1005 476 1093 502 adlipsum

178 510 258 527 studium
269 510 376 527 aecedentes
386 510 414 527 vel
425 516 445 527 se
454 509 477 527 ad
487 510 595 527 veniendum
606 510 646 527 sine
655 510 719 527 fraude
729 509 822 527 actualiter
832 513 953 532 preparantes,
963 509 1022 527 autad
1031 510 1095 533 propria

178 543 284 564 redeuntes,
294 543 317 560 de
327 549 404 566 quorum
415 543 518 560 scolaritate
528 542 617 560 constabit
627 549 659 566 per
669 543 762 566 proprium
771 543 900 566 juramentum,
910 543 928 560 in
938 549 1020 566 persona,
1029 542 1094 561 familia.

179 577 217 593 sive
229 576 285 594 rebus
295 576 390 593 occasione
404 576 483 599 pedagii,
493 576 548 597 tallie,
559 576 689 599 impositionis,
700 579 788 597 costume,
799 576 828 593 vel
839 576 913 593 aliorum
926 576 1028 599 hujusmodi
1039 581 1095 599 perso-

178 609 245 626 nalium
259 616 342 630 onerum,
354 612 384 626 aut
396 609 471 626 alterius
484 609 582 626 exactionis
592 610 718 632 cujuscunque
731 609 832 632 personalis
844 609 951 632 inquietent,
964 610 1060 630 molestent,
1070 613 1096 626 aut

178 643 222 660 alias
232 643 353 666 quovismodo
363 645 472 665 extorquere
483 646 593 665 presumant.

223 677 273 697 Item,
285 676 334 698 quod
342 676 423 699 magistri
432 679 450 693 et
460 676 540 693 scolares
548 676 628 693 Parisius
636 676 731 693 studentes
740 682 772 699 per
780 682 899 699 quoscunque
906 676 978 699 jndices
988 676 1037 699 regni
1045 676 1096 693 nostri

178 709 270 726 seculares
281 712 330 726 extra
340 715 402 726 muros
412 709 526 726 parisienses
534 709 584 726 inviti
595 709 613 726 in
626 715 680 726 causa
690 709 781 732 personali
791 710 814 726 ad
826 715 887 726 eorum
896 709 984 733 judicium
993 709 1021 726 vel
1030 715 1096 726 examen

179 749 215 760 non
226 743 319 760 trahantur
329 749 362 760 nec
373 742 457 764 nitentur,
468 748 502 760 uec
512 742 546 759 hoc
556 746 654 765 procurent
663 743 723 760 facere
733 742 779 766 layci
789 743 857 760 subditi
870 743 927 766 ipsius
937 743 988 766 regni
1001 743 1059 760 nostri⁴

223 778 277 798 Item,
295 777 344 800 quod
360 777 408 794 bona
424 783 487 794 eorum
504 780 522 794 et
536 777 653 798 munitiones,
667 777 690 794 de
706 777 773 799 quibus
789 776 856 794 habeut
872 780 890 794 et
905 777 996 794 habebunt
1010 777 1066 794 vivere
1082 780 1097 794 et

178 811 276 828 sustentari
289 810 307 827 in
321 811 362 834 ipso
377 810 438 827 studio
448 814 554 831 memorato,
568 813 615 827 statu
629 816 692 827 eorum
706 810 829 831 considerato,
841 810 935 827 occasione
949 816 1056 833 guerrarum,
1067 817 1096 828 nec

178 844 212 861 alia
225 844 321 861 occasione
334 850 442 867 quacunque
456 850 488 867 per
501 850 620 867 quoscunque
634 844 759 867 cujuscunque
772 844 889 864 conditionis,
902 847 958 861 status
970 844 997 861 vel
1010 844 1097 861 eminentie

178 878 262 898 existant,
271 883 303 900 pro
314 877 368 894 nobis
378 880 409 894 aut
417 877 486 894 nostris
498 877 576 894 subditis
586 883 623 894 non
633 877 733 900 capiantur,
745 880 775 894 aut
786 877 831 894 alias
843 877 980 900 quomodolibet
990 881 1097 894 arrestentur⁴

178 911 206 928 Ad
220 911 308 934 premissa
319 917 361 928 vero
375 910 474 934 diligenter
486 911 590 933 exequenda
603 914 621 928 et
630 910 666 927 line
676 910 738 928 debito
748 910 868 931 terminanda,
879 916 901 927 ne
910 911 991 934 magistri
1001 915 1018 928 et
1027 911 1098 928 scolares

179 944 306 961 Universitatis
323 945 392 967 prefate
407 944 484 967 vagandi
500 950 509 961 ει
524 944 584 961 studio
598 948 692 961 assumant
705 944 804 965 materiam,
819 944 852 961 sed
866 944 926 967 potius
939 944 958 961 in
970 945 1009 968 ipso
1022 945 1099 962 continue

177 981 302 1000 perseverent,
318 984 351 995 nec
366 978 517 1001 interruptionem
539 978 594 995 studii
610 978 707 995 occasione
723 978 854 1001 premissorum
870 978 941 1001 possint
955 978 990 995 sibi
1007 978 1099 1001 aliqualiter

177 1011 276 1032 vindicare,
293 1024 304 1028 ..
321 1011 407 1029 dilectum
426 1014 508 1028 nostrum
523 1011 635 1034 prepositum
653 1011 774 1029 Parisiensem
789 1015 892 1034 presentem
907 1011 973 1034 pariter
989 1015 1005 1029 et
1020 1012 1099 1032 futurum,

177 1048 292 1062 executorem
305 1045 427 1068 gardiatorem
440 1045 520 1062 omnium
534 1048 552 1062 et
563 1045 678 1068 singulorum
691 1045 837 1068 supradictorum
848 1051 880 1068 per
891 1051 925 1062 nos
938 1045 1005 1062 eisdem
1017 1045 1101 1069 magistris

177 1081 195 1095 et
205 1077 307 1095 scolaribus
318 1078 366 1095 dicte
377 1078 506 1095 Universitatis
516 1084 653 1100 concessorum.v
664 1082 727 1096 tenore
738 1078 850 1102 presentium
863 1079 973 1102 deputamus⁴
985 1079 1049 1096 Dantes
1058 1079 1100 1096 dicto

177 1111 279 1135 preposito,
292 1112 373 1135 presenti
387 1111 454 1134 pariter
469 1115 488 1129 et
496 1112 564 1133 futuro,
577 1118 598 1129 ac
611 1112 664 1129 etiam
679 1112 814 1129 committentes
829 1116 892 1130 tenore
906 1112 1015 1135 presentium
1027 1113 1045 1129 in
1058 1119 1101 1129 man—

177 1145 231 1167 datis,
241 1149 261 1162 ut
273 1146 353 1168 prefatos
366 1145 465 1168 magistros
475 1149 494 1162 et
503 1145 583 1162 scolares
597 1146 665 1163 nostris
680 1145 797 1168 presentibus
809 1146 879 1168 gratiis,
890 1146 997 1169 privilegiis,
1006 1146 1102 1163 franchisiis

176 1182 194 1196 et
206 1179 322 1196 libertatibus
337 1178 447 1202 supradictis
461 1178 486 1195 uti
500 1179 553 1196 saciat
562 1182 579 1195 et
589 1179 677 1201 gaudere,
693 1179 773 1196 rebelles
786 1182 817 1196 aut
829 1179 879 1202 ipsos
892 1179 989 1202 magistros
1001 1182 1018 1196 et
1029 1180 1102 1196 scolares

176 1212 225 1230 dicte
237 1212 366 1230 Universitatis
376 1212 395 1228 in
406 1212 481 1235 prefatis
494 1212 562 1229 nostris
575 1212 645 1235 gratiis,
659 1212 769 1235 privilegiis,
781 1212 885 1229 sranchisiis
898 1216 916 1229 et
928 1212 1039 1230 libertatibus
1051 1213 1102 1235 impe-

175 1246 254 1267 dientes,
268 1249 288 1263 ut
301 1252 311 1262 a
324 1245 426 1263 rebellione
441 1249 460 1262 et
473 1245 609 1268 impedimentis
624 1245 729 1268 hujusmodi
744 1246 819 1263 omnine
835 1246 929 1265 desistant.
943 1246 1018 1263 viriliter
1030 1246 1102 1269 compel-

175 1279 237 1297 lendo.
251 1280 291 1297 Non
305 1278 421 1297 obstantibus
434 1279 575 1302 quibuscunque
588 1278 697 1303 privilegiis,
708 1279 792 1301 indultis,
802 1279 831 1296 vel
842 1280 941 1301 concessis,
951 1279 979 1297 vel
989 1280 1007 1297 in
1017 1283 1102 1303 posterum

175 1313 299 1330 concedendis
316 1313 457 1335 quibuscunque
475 1313 559 1335 personis
575 1312 603 1329 vel
621 1313 684 1335 patrie,
702 1319 738 1329 non
756 1312 865 1329 facientibus
882 1313 905 1330 dc
922 1313 976 1330 verbo
993 1313 1015 1330 ad
1033 1313 1102 1330 verbum
