1273 1538
177 42 209 59 216
282 62 284 64 v
462 48 622 60 cuitn'rumnium
639 48 735 60 curveris,
753 48 819 59 riuus⁴
1050 41 1093 60 [1318

178 90 293 108 consequens
303 88 365 101 contra
377 85 495 108 Evangelium
509 89 525 102 et
536 85 597 106 fidem,
608 89 625 102 et
636 88 662 102 est
673 85 729 102 verbo
742 88 759 102 et
768 85 814 102 sacto
825 84 892 102 Christi
905 84 1020 107 Evangelium
1033 88 1049 101 et
1059 85 1093 107 ejus

178 118 270 142 veritatem
281 118 397 142 impugnare3
408 121 426 135 et
436 118 484 141 quod
495 124 516 135 cx
525 118 559 135 hoc
571 121 677 141 sequeretur
688 118 786 135 destructio
796 118 832 135 vite
842 118 909 135 Christi
920 121 937 134 et
947 121 974 134 est
981 110 1066 135 Christum
1074 118 1093 134 ‹le

179 158 271 175 synagoga
282 152 355 175 ejicere,
366 155 384 169 et
394 152 443 174 quod
453 151 479 168 illi
490 152 520 174 qui
530 151 631 175 procedunt
641 154 703 168 contra
716 152 780 168 fratres
790 154 883 174 portantes
894 151 952 168 dictos
961 150 1030 168 habitus
1041 154 1093 168 curtos

180 189 197 202 et
211 185 284 202 strictos
297 188 340 202 sunt
353 185 371 202 in
385 191 447 202 errore
460 188 521 202 contra
531 184 624 202 veritatem
638 184 743 208 evangelice
757 184 827 207 regule,
840 188 857 201 ct
871 190 903 208 per
916 190 1028 206 consequens
1041 188 1093 201 eontra

179 219 272 235 veritatem
283 218 378 241 Evangelii
388 221 405 234 et
415 218 463 235 fidei⁴

224 251 313 269 Secundus
324 257 424 274 aggravans
434 254 452 268 ot
459 250 577 269 consentiens
587 250 609 268 ad
619 251 697 274 primum
707 254 740 271 est,
750 250 799 274 quod
809 251 894 268 <lominus
905 257 948 274 papa
959 257 994 268 non
1004 250 1094 268 habuitnec

179 284 234 301 habet
244 285 337 307 quamdam
354 288 460 307 potestatem
475 290 508 301 nec
524 284 647 301 auctoritatem
663 284 739 301 faciendi
754 285 907 301 Constitutionem
926 290 977 307 quam
993 284 1014 301 de
1028 284 1094 301 consilio

179 318 297 335 cardinalium
315 318 363 338 fecit,
379 324 413 340 quc
428 318 491 340 incipit
502 323 506 334 ε
522 317 655 340 ριιονηηείαιηῇ
673 317 691 334 in
707 323 741 340 qua
758 316 866 340 prelatorum
887 317 929 334 dicti
947 317 1019 334 Ordinis
1035 317 1094 339 judicio

180 351 275 368 committit
285 351 405 368 determinare
416 354 433 368 et
443 351 525 368 arbitrari
540 351 592 373 cujus
604 350 725 373 longitudinis
739 354 755 367 et
768 350 876 371 latitudinis,
890 351 947 367 sci-ine
961 351 998 367 sive
1010 351 1069 373 figure,
1080 354 1095 368 et

180 384 266 401 similium
277 384 396 401 accidentium
407 384 486 401 debeant
495 390 536 401 esse
546 383 619 401 habitus
632 384 757 407 professorum
768 384 815 401 dicte
828 384 898 407 regule,
911 387 928 400 et
942 384 992 406 cujus
1005 387 1095 407 quanteque

179 417 254 434 vilitatis
263 417 377 434 vestimentis
388 417 439 434 indui
450 418 500 440 ipsos
513 417 578 434 fratres
589 420 666 440 oportet,
678 423 697 434 ac
708 417 783 440 iusuper
793 417 915 434 determinare
927 417 1007 434 arbitrari
1018 420 1034 434 et
1046 417 1095 439 preci-

179 456 223 473 pere
233 457 269 473 quo
279 457 329 471 casu,
340 451 423 474 qualiter,
435 450 466 467 ubi
477 454 494 467 et
504 450 577 473 quando
588 454 605 467 et
615 450 700 473 quotiens
711 456 793 473 granum,
805 456 868 473 panem
882 454 899 467 ct
911 450 971 467 vinum
984 456 1015 473 pro
1025 450 1057 467 vite
1069 450 1096 467 sra-

179 487 226 501 triuu
237 484 347 501 necessariis
356 484 420 501 fratres
431 484 466 507 ipsi
476 490 553 507 querere
564 483 648 505 debeant,
658 489 767 500 conservare
778 484 817 500 sive
826 490 924 507 roponere;
936 487 952 500 et
963 483 1040 500 districte
1048 484 1096 506 preci-

179 517 246 540 piendo
257 517 347 534 mandavit
357 517 406 540 qued
417 517 434 534 in
446 517 532 540 predictis
540 520 557 534 et
568 516 596 534 liis
607 517 698 534 similibus
710 517 810 534 eorundem
820 517 929 539 prelatorum
940 516 1036 537 arbitrium=
1046 516 1096 533 deter-

179 551 296 567 minationem
314 550 352 567 sive
369 550 458 573 judiciuin
474 550 525 573 sequi
544 550 617 573 illisque
634 556 698 573 parere
716 556 748 573 per
767 550 827 567 omnia
848 553 951 569 teneanturz
969 553 986 567 et
1004 550 1021 566 in
1040 550 1095 567 virtute

180 583 284 600 obedientie
295 587 311 600 et
322 583 356 600 suh
367 583 559 600 excommunicationis
569 589 614 606 pena
627 583 717 600 mandavit
730 583 778 606 quod
791 583 834 600 dicti
848 583 912 600 tratres
924 583 955 606 qui
968 583 1024 600 dictos
1035 582 1095 600 habitus

179 620 241 633 curtos
252 620 270 633 et
279 616 352 633 strictos
362 620 498 639 assumpserant
508 616 530 633 ad
541 616 643 633 mandatum
654 616 746 639 generalis
754 616 831 633 ministri
841 616 883 633 dicti
892 616 966 633 Ordinis
974 616 1096 639 deponerentet

179 650 220 666 aliis
233 650 333 666 secundum
350 649 408 672 ipsius
425 650 517 672 generalis
534 649 612 666 ministri
631 649 726 666 arbitrium
744 650 782 666 sive
796 649 885 672 judiciuin
900 650 1024 670 induerentur,
1036 649 1095 672 ipsique

179 683 260 705 generali
274 683 292 699 in
302 682 388 699 omuibus
401 683 441 699 istis
452 686 468 699 et
481 683 522 699 aliis
532 689 565 706 per
577 683 636 699 omnia
650 683 750 699 secuudum
764 682 811 699 beati
825 683 915 699 Francisci
929 683 1008 705 regulam
1020 686 1037 699 et
1046 683 1095 699 decla-

179 716 259 733 rationes
270 716 328 733 editas
338 722 394 739 super
404 722 423 733 ea
434 719 452 733 et
461 716 483 733 ad
494 716 593 739 predictam
604 716 737 741 ordinationem
747 716 841 733 humiliter
850 716 951 733 obedirent.

227 750 306 767 Tertius,
319 750 364 766 ltcin
374 749 424 773 quod
433 755 467 766 nec
477 755 523 773 pape
535 755 568 767 nec
578 749 653 773 prelatis
664 750 707 767 dieti
718 749 793 766 Ordinis
804 749 925 766 obediendum
940 753 967 766 cst
979 749 997 766 iu
1008 749 1034 766 his
1043 749 1096 772 quein

179 784 246 807 prefata
258 783 393 801 Constitutione
403 783 519 800 continentur
531 790 553 800 ox
563 790 584 800 oo
595 784 643 806 quod
654 784 734 807 predicta
746 784 763 800 iu
774 784 821 801 dicta
830 784 964 800 Constitutione
974 787 1052 800 contenta
1062 787 1096 800 sunt

179 820 240 834 contra
251 817 348 834 consilium
359 817 427 834 Christi
438 820 455 833 et
465 817 530 834 dictam
539 817 627 840 regulam,
639 820 700 834 contra
711 823 746 840 que
757 823 801 840 papa
812 823 848 834 nou
858 820 924 840 potest.

225 850 252 867 Ad
263 856 298 873 que
308 850 406 867 dicendum
419 853 447 867 est
457 850 505 872 quod
516 850 593 873 predicti
603 850 674 867 articuli
685 854 702 867 et
713 850 788 873 quilibet
800 856 862 867 eorum
873 853 914 867 sunt
925 850 999 867 heretici
1009 850 1095 871 manifeste,

180 890 220 900 cum
234 887 338 907 repugnent
349 883 420 900 veritati
433 883 538 906 evangelice
553 887 571 900 ct
584 884 686 900 auctoritati
699 887 716 900 ct
728 884 813 906 potestati
826 889 871 906 pape
885 887 902 900 et
915 883 991 900 ecclesie
1004 886 1021 900 et
1033 883 1095 900 maxime

180 917 284 939 impingunt
294 917 312 933 in
326 917 378 934 illum
391 916 494 938 articulum,
509 919 587 934 sanctam
599 917 704 937 Ecclesiam,
718 920 819 934 sanctorum
830 917 974 937 communionem,
989 923 1026 934 cuin
1036 917 1096 933 devient

180 956 188 966 a
199 950 235 967 {ide
245 956 297 973 quam
309 950 429 967 communiter
440 950 492 967 docet
504 953 521 966 et
531 953 580 967 tenet
590 950 700 967 universalis
710 950 793 971 ecclesia,
805 953 822 967 et
831 950 894 967 salsam
905 953 921 967 et
932 956 993 967 novatn
1006 950 1096 972 opinionem

180 983 269 1000 inducunt
279 983 297 1000 in
305 983 344 1006 ipsa
355 983 397 1000 fide.

225 1018 264 1040 Ego
282 1017 337 1034 frater
356 1017 430 1034 Vitalis¹
448 1016 495 1034 tituli
511 1017 571 1034 Sancti
584 1017 657 1034 Martini
674 1016 692 1034 in
707 1016 800 1034 Montibus
815 1017 911 1040 presbyter
923 1016 1017 1034 cardinalis
1029 1020 1045 1034 et
1056 1022 1096 1033 sacre

180 1049 273 1073 theologie
287 1050 351 1067 docter
362 1050 425 1073 judico
438 1053 456 1067 et
470 1056 533 1067 assero
549 1056 613 1067 omnes
626 1050 740 1072 supradictos
753 1050 840 1067 articulos
852 1053 870 1067 et
884 1049 982 1073 quemlibet
993 1056 1051 1067 eorum
1064 1055 1097 1067 esse

180 1083 271 1100 hereticos
281 1086 299 1100 et
309 1083 401 1100 damnatas
410 1083 486 1100 hereses
497 1083 597 1100 contineret
609 1084 629 1100 ln
639 1084 692 1106 cujus
702 1083 729 1100 rei
740 1083 863 1100 testiinonium
872 1089 925 1100 manu
933 1084 1003 1106 propria
1011 1082 1098 1106 subscripsi

181 1120 198 1133 et
208 1116 289 1139 sigillum
300 1122 361 1133 meum
371 1117 405 1133 seei
416 1117 501 1140 appendi.

226 1150 248 1166 Et
261 1150 365 1175 ego-frater
378 1150 501 1173 Berengarius
515 1150 537 1166 de
550 1150 652 1166 Landorra'
666 1149 735 1166 electus
750 1149 910 1172 Compostellanus
922 1149 963 1166 licet
975 1150 1057 1173 indignus
1066 1150 1098 1167 dico

182 1187 200 1200 et
209 1183 264 1200 credo
275 1183 390 1206 supradictos
401 1183 487 1200 articulos
498 1186 516 1200 et
526 1183 626 1206 quemlibet
636 1189 699 1200 eorum
708 1189 749 1200 esse
759 1183 851 1200 hereticos
861 1186 878 1200 et
889 1183 979 1200 damnatas
989 1184 1058 1200 hereses
1066 1189 1098 1200 eon-

182 1217 248 1237 tinere,
259 1220 275 1233 et
287 1216 407 1233 subscribens
417 1216 499 1239 sigillum
509 1222 569 1233 meum
580 1216 663 1239 apposui,

228 1251 267 1273 Ego
282 1250 337 1267 frater
353 1250 464 1267 Guillelrnus
479 1250 502 1267 de
515 1249 614 1266 Lauduno‘
629 1250 704 1267 Ordinis
719 1250 793 1267 fratrum
809 1250 942 1267 Predicatorum
958 1256 1006 1267 sacre
1022 1249 1099 1272 theologie

184 1284 271 1307 magister
281 1287 299 1301 et
308 1284 366 1301 lector
379 1284 425 1301 sacri
437 1284 499 1301 Palatii
511 1283 555 1301 licet
566 1284 654 1307 indignus
666 1289 729 1301 assero
741 1283 800 1300 dictos
813 1283 898 1300 articulos
911 1286 927 1300 et
939 1283 1034 1306 quemlibet
1049 1288 1099 1301 eoram

184 1323 226 1334 esse
236 1317 327 1334 hereticos
336 1317 399 1340 judico
410 1321 428 1334 et
437 1318 512 1334 affirmo.
523 1317 545 1334 In
555 1318 607 1340 cujus
618 1317 651 1338 rei,
661 1320 694 1334 etc.
