1273 1538
176 37 209 53 342
465 41 624 52 cuan'rumntun
640 41 736 52 nxrveus.
755 41 819 52 renisi
1050 33 1093 52 [1331

178 78 298 95 offendantur,
309 78 355 95 Sane
369 81 451 100 porrecte
464 77 517 95 nobis
527 78 637 95 venerabilis
647 78 706 94 fratris
717 78 773 94 nostri
785 77 867 100 Hugonis
878 77 956 100 episcopi
967 80 984 93 et
996 77 1093 93 dilectorum

179 111 256 128 tiliorum
267 111 390 128 universitatis
400 111 527 133 magistrorum
538 114 556 127 ct
565 111 661 127 scolarium
670 110 767 127 Parisiens.
777 110 868 133 petitionis
877 110 934 127 sci-ies
944 109 1043 126 continebat
1052 109 1094 132 quod

177 144 219 161 olim
234 150 289 167 super
303 150 332 165 eo,
344 144 393 167 quod
405 143 497 161 Johannes
510 143 568 160 dictus
581 144 605 160 Le
618 143 699 160 Forbeur
711 143 733 160 de
747 144 813 160 Roseto
827 143 845 160 in
858 143 905 164 Bria,
917 143 994 160 clericus
1003 142 1094 160 Meldensis

178 177 263 198 diocesis,
274 177 343 194 ratione
354 180 414 199 raptus
425 176 518 199 cujusdam
529 176 611 193 mulieris
621 176 656 193 sibi
667 176 747 199 impositi
757 180 820 199 captus
832 180 850 193 et
861 176 879 193 in
890 182 961 193 carcere
971 176 1012 193 dicti
1022 176 1095 199 episcopi

177 210 288 232 mancipatus
298 216 318 226 ac
332 210 355 226 de
370 209 453 227 mandato
466 210 494 226 sui
510 209 591 226 officialis
603 209 699 232 agentibus
712 209 755 226 dicti
768 210 849 232 episcopi
860 213 877 226 et
887 210 926 232 ejus
937 209 1008 226 nomine
1017 209 1095 232 quadrin-

176 246 231 266 gente
244 242 290 260 libre
303 242 399 266 parisiens.
415 246 488 260 monete
501 245 543 259 tunc
556 242 646 260 currentis
659 242 719 259 habite
731 243 802 260 fuerant
813 242 835 259 ab
846 242 916 262 eodem,
927 242 973 260 dicta
983 242 1095 260 Universitate

177 280 270 293 asserente
283 276 350 292 dictum
364 275 450 292 clericum
464 281 506 292 esse
519 275 607 292 scolarem
621 276 742 293 Parisiensem
756 279 774 293 et
787 276 810 293 de
820 276 940 293 Universitate
951 276 1015 299 prefata
1025 279 1041 292 et
1052 276 1095 299 quod

177 315 209 332 per
219 308 313 331 privilegia
327 308 374 325 dicte
388 308 505 325 Universitati
517 314 604 326 concessa
617 309 679 326 nullus
688 309 745 332 judex
757 309 892 326 ecclesiasticus
905 309 1005 326 ordinarius
1016 308 1044 325 vel
1055 309 1095 327 alius

176 342 254 364 aliquam
264 341 359 358 emendam
369 342 490 365 pecuniariam
501 342 523 359 ab
533 342 593 365 aliquo
601 342 667 359 scolari
677 342 725 359 dicte
735 342 863 359 Universitatis
874 348 906 365 pro
916 348 1027 365 quocumque
1037 342 1095 360 delicto

177 377 247 398 poterat
261 374 334 397 exigere
350 375 378 392 vel
394 374 466 396 habere,
482 375 530 392 dicto
546 375 632 398 episcopo
648 376 666 392 in
681 376 791 392 contrarium
806 375 901 398 allegante,
915 376 962 392 inter
974 376 1072 398 episcopum
1082 380 1096 393 et

177 408 317 425 Universitatem
328 408 421 431 predictos
431 412 469 425 orta
481 409 553 425 materia
564 409 673 431 questionis,
682 409 754 426 demum
763 409 810 425 dieta
818 409 938 429 L'niversitas,
946 415 1028 426 asserens
1037 409 1096 426 dictum

177 442 282 465 episcopum
294 442 374 464 juratum
388 448 448 462 suum,
462 442 557 465 requisivit
571 442 647 459 eundem
662 442 697 459 sub
712 442 773 459 debito
787 442 857 465 prestiti
869 442 965 465 juramenti
979 442 1026 465 quod
1039 442 1096 459 dictant

176 475 271 498 pecuniam
282 475 387 492 restitueret
397 475 515 492 Universitati
525 479 543 492 et
552 475 629 492 Johanni
639 475 733 498 predictis,
744 475 793 499 quod
806 475 865 492 dictus
878 476 974 498 episcopus
986 476 1041 492 facere
1053 481 1097 493 recu·

176 509 228 529 savit,
244 508 306 531 plures
321 509 401 526 rationes
415 509 517 532 allegando,
534 515 589 532 qnare
605 509 624 526 id
640 509 699 526 facere
717 509 790 526 minime
806 508 906 526 tenebatur*
922 510 997 532 Propter
1010 515 1043 532 que
1057 509 1097 526 dicta

177 542 290 559 Universitas
301 542 318 559 in
329 542 413 565 pluribus
425 542 472 559 locis
486 542 566 559 Parisius
578 542 714 565 pronunciavit¹
726 545 744 558 et
754 541 852 565 publicavit
863 548 895 565 per
907 548 948 559 suas
962 542 1029 559 litteras
1037 545 1054 559 et
1063 548 1098 565 pro>

176 581 240 592 cessus
251 575 329 592 eundem
340 576 446 598 episcopum
457 581 498 592 esse
506 575 605 598 perjurium
614 575 658 597 (sic),
666 581 745 598 euinque
756 575 823 598 injuste
833 575 909 598 privavit
919 575 1006 592 beneficio
1016 575 1098 592 societatis

176 609 304 626 Universitatis
318 608 399 632 predicte
412 612 431 625 ut
443 608 491 625 idem
504 608 602 632 episcopus
613 608 714 629 asserebat,
724 614 733 625 a
747 608 814 632 quibus
824 608 942 631 processibus
952 608 998 625 idem
1010 609 1098 632 episcopus

175 642 197 659 ad
215 642 277 659 sedem
294 642 412 665 apostolicam
428 641 532 665 appellavit*
547 643 622 665 Nosque
639 642 711 659 tandem
728 642 751 658 ad
768 642 871 659 instantiam
889 642 1009 665 procuratoris
1026 642 1097 665 ejusdem

175 676 258 699 episcopi
269 676 335 692 dilecto
346 675 384 692 silio
394 679 458 692 nostro
469 675 569 692 Bertrando
580 675 644 692 Sancte
659 675 715 692 Marie
728 675 747 692 in
760 675 830 698 Aquiro
844 675 919 692 diacono
935 675 1026 696 cardinali,
1035 681 1098 692 causant

175 708 281 732 hujusmodi
298 709 383 726 duximus
400 709 555 730 committendam,
574 715 634 725 coram
654 715 690 731 quo
707 708 812 731 aliquandiu
830 714 862 731 per
879 712 1005 731 procuratores
1021 709 1098 725 dictarum

175 743 252 765 partium
266 748 374 765 processum
388 742 447 759 extitit
461 742 479 759 in
493 742 562 763 eadem,
576 748 596 759 ac
611 742 684 760 demum
698 742 721 759 de
735 741 849 765 beneplacito
863 745 926 759 nostro
940 748 972 765 per
984 744 1099 765 procuratores

175 776 262 794 dictarum
275 776 352 799 partium
363 775 450 793 habentes
461 781 517 799 super
527 775 561 793 hoc
571 775 664 793 sufficiens
675 779 693 792 et
703 775 782 798 speciale
796 775 898 793 mandatum
909 775 980 793 dilectis
990 775 1030 792 siliis
1040 775 1099 793 nostris

174 809 266 827 Anihaldo
277 810 324 827 tituli
335 810 395 827 Sancti
407 809 499 826 Laurentii
512 810 531 826 in
545 809 618 830 Lucina,
634 815 654 826 ac
668 810 721 826 Petro
732 809 780 827 tituli
793 809 853 826 Sancti
868 809 953 832 Stephani
966 809 984 826 in
996 809 1098 827 Celiouionte

175 843 289 866 presbyteris
302 842 426 860 cardinalibus
439 849 475 866 quo
486 843 508 859 ad
519 842 553 859 hoc
564 842 724 865 interponentibus
734 846 794 865 partes
806 848 848 859 suas
859 846 951 860 tracmtum
962 843 1018 859 extitit
1028 846 1045 860 et
1053 843 1098 860 etiam

175 876 278 893 ordinatum
289 882 322 899 pro
332 876 381 893 bono
396 876 445 899 pacis
459 879 477 893 et
491 875 589 892 concordie
598 876 676 898 partium
687 876 793 896 earundem,
806 876 855 898 quod
870 876 945 898 pecunia
960 876 1010 898 cujus
1025 876 1099 892 ocasione

176 909 224 926 inter
233 909 375 926 Universitatem
388 912 406 926 et
418 909 525 932 episcopum
536 909 628 932 predictus
638 912 676 926 erat
686 912 748 926 exorta
761 909 853 926 discordia
864 911 966 930 memorata,
977 908 1049 926 deberet
1057 911 1099 926 certo

177 943 231 959 modo
242 942 354 966 pauperihus
367 942 469 960 scolaribus
484 942 565 959 Parisius
577 942 656 965 erogari,
669 942 739 959 eisdem
752 942 902 966 procuratoribus
917 942 1042 960 nichilominus
1054 942 1100 959 nohis

176 975 269 992 humiliter
280 975 426 999 supplicantibus
436 979 456 992 ut
467 981 532 992 omnes
542 981 641 998 processus
653 975 695 992 hinc
706 975 748 992 inde
758 975 831 993 habitos
840 981 873 998 per
883 979 943 998 partes
953 976 1023 993 easdem
1032 979 1049 993 et
1057 976 1100 999 quic-

176 1008 220 1032 quid
230 1014 252 1025 ex
262 1009 289 1026 eis
299 1009 328 1025 vel
339 1008 362 1026 oh
373 1014 405 1026 eos
415 1012 498 1026 secutum
509 1012 559 1026 esset
568 1014 654 1026 revocare
664 1012 683 1025 et
692 1015 764 1026 cassare
774 1009 880 1026 auctoritate
891 1009 989 1032 apostolica
999 1015 1099 1026 curarenuts⁴

221 1042 258 1059 Nos
275 1042 331 1065 igitur
348 1048 381 1065 pro
398 1042 447 1059 bono
465 1042 514 1065 pacis
532 1045 549 1059 et
565 1042 664 1059 concordie
682 1048 734 1065 quam
752 1042 800 1060 inter
817 1042 922 1065 episcopum
939 1046 957 1059 et
974 1042 1100 1060 Universitatem

176 1075 256 1098 prefatos
267 1075 330 1098 vigere
338 1076 408 1099 jugiter
418 1076 529 1096 affectamus,
540 1081 581 1092 cum
591 1081 613 1092 ex
623 1081 687 1092 eorum
697 1076 794 1093 concordia
808 1076 882 1099 prefatis
892 1076 978 1099 episcopo
990 1079 1007 1093 et
1018 1076 1100 1093 Universi-

175 1108 207 1125 tati
218 1112 235 1125 et
243 1108 360 1126 studentibus
373 1114 438 1132 magna
451 1108 573 1132 tranquillitas
587 1112 605 1126 et
618 1115 650 1132 per
659 1115 776 1132 consequens
786 1109 879 1132 profectus
890 1110 964 1127 scientie
975 1113 992 1126 et
1003 1109 1078 1126 doctrine
1086 1113 1101 1126 et

176 1142 252 1159 aliarum
268 1142 380 1159 incrementa
395 1142 482 1159 virtutum
497 1142 595 1165 provenire
612 1146 717 1163 noscantur,
735 1142 868 1159 ordinationem
886 1142 989 1165 hujusmodi
1005 1148 1036 1166 per
1051 1143 1101 1160 dictos

177 1178 305 1198 procuratores
316 1175 334 1192 in
344 1175 437 1198 presentia
448 1175 537 1192 dictorum
549 1175 633 1192 Anibaldi
647 1179 664 1192 et
678 1176 725 1192 Petri
738 1175 856 1193 cardinalium
867 1176 942 1199 provide
952 1182 1006 1199 super
1017 1176 1101 1198 premissis

177 1209 255 1226 habitam
274 1212 329 1226 ratam
347 1212 364 1226 et
380 1212 449 1232 gratam
467 1208 556 1226 habentes
573 1215 649 1232 eamque
666 1209 773 1226 auctoritate
790 1209 889 1232 apostolica
906 1209 1030 1226 confirmantes
1047 1215 1101 1226 omnes

178 1243 271 1265 predictos
281 1248 380 1266 processus
391 1248 424 1265 per
434 1242 499 1259 dictam
511 1242 652 1259 Universitatem
661 1242 691 1260 vel
703 1246 791 1259 rectorem
803 1248 834 1259 seu
843 1248 967 1265 quoscumque
975 1242 1019 1259 alios
1026 1243 1101 1260 officiales

177 1276 236 1300 ipsius
250 1279 312 1293 contra
329 1276 417 1299 prefatum
432 1275 539 1299 episcopum
554 1282 586 1293 seu
600 1276 688 1293 officiales
703 1279 721 1293 et
733 1282 867 1299 quemcumque
881 1282 913 1293 seu
928 1282 1048 1299 quoscumque
1059 1276 1102 1294 sami-

178 1311 233 1327 liares
243 1310 302 1333 ipsius
312 1310 394 1333 episcopi
405 1313 423 1326 et
433 1310 510 1327 maxime
520 1316 540 1327 ac
550 1310 655 1333 specialiter
665 1315 721 1333 super
731 1315 752 1326 eo
763 1309 812 1332 quod
823 1310 910 1332 prefatum
920 1310 1022 1332 episcopum
1032 1315 1102 1332 pronun-
