1273 1538
178 47 210 64 478
464 53 622 66 cntnrvztnmn
639 54 734 65 uuivsns.
752 54 817 65 rums.
1049 48 1092 66 [1³³8

179 88 284 106 ordinamus
294 90 343 112 qnod
354 89 414 106 nullus
425 89 512 112 deinceps
522 90 567 106 mitti
578 90 636 113 possit
645 90 684 107 sive
694 96 703 106 a
714 89 805 112 provincia
819 90 857 107 sive
867 96 876 106 a
889 93 938 113 patre
950 93 1010 107 nostro
1021 90 1092 112 generali

180 121 202 137 ad
211 121 284 144 aliquod
295 122 374 139 studium
385 122 477 144 generale,
489 122 523 138 nisi
534 122 584 144 prius
595 122 666 138 steterit
675 122 694 138 in
702 122 762 138 studio
770 122 875 144 provinciali
883 122 941 139 tribus
949 122 999 139 annis
1006 122 1092 142 continuis,

180 154 225 171 etin
241 160 262 171 eo
273 155 336 171 saltem
351 155 370 171 in
383 154 442 177 logica
458 154 556 176 profecerit
570 157 699 177 competenter*
714 155 736 171 Et
751 157 770 170 ut
784 160 859 177 presens
875 154 962 171 ordinatio
975 155 1092 177 congruentius

179 187 236 204 valent
247 186 347 207 observari,
357 186 441 204 volumus
452 186 500 208 quod
511 186 592 208 quelibet
601 187 693 209 provincia
704 186 762 203 nostri
771 186 846 203 Ordinis
856 186 918 203 saltem
928 192 982 203 unum
996 187 1092 209 provinciale

179 219 260 236 studium
279 223 345 240 teneat,
360 219 378 235 in
391 224 427 241 quo
442 224 490 235 unus
504 219 562 235 lector
576 218 669 235 sufficiens
684 224 716 241 per
726 219 837 241 provinciale
847 218 948 241 Capitulum
959 219 1054 241 deputetur,
1067 219 1092 241 qui

180 251 227 269 bene
238 252 331 269 continuet
341 251 429 268 lectiones
439 254 456 268 et
466 254 503 268 stet
512 257 544 273 per
554 251 650 268 triennium
662 251 681 268 in
691 251 755 268 eodem
765 251 832 272 studio,
843 251 888 268 infra
897 251 945 274 quod
952 251 1044 268 triennium
1052 251 1092 268 idem

179 284 237 301 lector
249 287 335 301 tractatus
348 289 389 300 cum
404 287 440 300 tota
455 283 520 306 logica,
531 290 577 300 nova
590 290 630 300 cum
644 284 708 304 veteri,
719 284 798 307 legendo
809 284 896 307 perficere
908 287 994 300 teneatur.
1008 284 1093 301 Studentes

179 317 233 333 etiam
244 317 274 339 qui
284 317 306 333 ad
317 317 384 333 dictum
395 316 473 333 studium
485 322 517 339 per
526 316 656 338 provincialem
665 317 734 333 fuerint
744 317 828 337 ordinati,
839 317 857 333 in
867 317 930 333 eodem
941 316 999 333 studio
1009 322 1038 339 per
1046 317 1093 333 trien-

179 349 229 365 nium
242 352 367 371 perseverent.
379 349 426 365 Insra
440 349 489 371 quod
499 349 551 365 etiam
566 349 671 370 triennium,
683 349 699 366 si
708 349 755 366 forte
770 349 838 366 dictum
852 349 938 366 lectorem
950 355 972 366 ex
983 355 1032 365 causa
1045 349 1093 366 eonti-

180 382 228 404 gerit
238 382 316 398 amoveri
328 382 366 399 sive
376 381 420 398 alias
430 381 521 404 impediri,
533 387 573 398 mox
583 381 704 398 substituatur
714 382 760 400 alius
769 382 801 404 qui
811 382 884 404 incipiat
893 381 955 404 legere
965 381 994 398 ubi
1001 381 1043 398 alius
1050 381 1094 398 dimi-

179 414 210 431 sit.
221 415 244 431 Ut
255 417 313 431 nutem
324 414 431 437 hujusmodi
444 414 502 431 lector
511 414 576 431 habeat
589 414 682 431 materiam
697 414 769 431 fidelius
783 414 883 435 laborandi,
898 414 972 431 eandem
986 415 1093 437 provisionem

179 447 255 469 accipiat
266 453 318 469 quam
329 447 420 470 accipiunt
429 447 509 464 lectores
518 447 537 463 in
547 447 608 464 studio
622 446 710 469 generali,
722 447 773 469 cujus
784 447 897 464 medietatem
912 447 969 464 solvat
980 447 1068 469 provincia,
1080 451 1095 463 et

180 479 233 496 aliam
243 480 357 497 medietatem
368 483 474 500 conventus,
486 485 509 496 ne
519 479 578 496 dictus
586 482 687 496 conventus
695 480 769 496 nimium
779 483 902 502 pregravatur.
911 479 929 496 Si
936 485 979 496 vero
986 479 1040 496 dictus
1046 480 1094 497 lector

180 512 276 533 lectiones,
288 516 307 529 ut
320 513 387 529 dictniu
403 516 437 532 est,
448 518 485 529 non
495 512 634 533 continuaverit,
645 516 703 529 taxata
717 512 822 535 provisione
837 513 860 529 sit
873 512 959 536 privatus,
972 516 988 529 et
1002 512 1022 529 ad
1034 513 1093 530 restim<

180 545 247 562 tionem
259 549 386 568 perceptorum
397 548 485 566 teneatur,
497 549 514 562 et
524 551 546 562 eo
555 548 614 562 amoto
625 545 666 562 loco
677 546 705 562 sui
716 545 762 562 alius
772 546 830 562 lector
840 545 964 562 substituatur.

225 579 276 598 Item,
288 584 310 594 ne
321 578 360 595 loca
370 578 473 595 studiorum
483 578 595 600 generalium
606 584 614 594 a
625 578 743 595 studentibus
754 578 890 601 negligentibus
897 578 984 595 inutiliter
991 582 1093 601 occupentur,

181 611 262 633 presenti
274 611 383 627 diffinitione
393 610 481 627 adicimus
493 611 542 633 quod
552 611 614 628 nullus
626 611 703 628 studens
715 611 772 634 possit
782 614 829 628 stare
840 611 859 628 in
870 611 930 628 studio
939 611 1016 634 generali
1030 617 1061 628 uno
1070 611 1094 629 vel

179 643 259 660 diversis
276 644 322 660 ultra
337 644 489 666 quinquennium,
510 644 542 660 sed
556 644 647 666 completo
662 644 788 666 quinquennio
802 644 878 661 studens
894 644 916 661 ad
934 650 982 661 suam
999 645 1093 667 provinciam

181 680 288 697 revertatur,
300 679 318 693 et
329 676 344 693 si
355 676 458 693 inveniatur
470 676 553 699 ydoneus
567 680 585 693 et
599 682 632 693 sue
647 677 740 699 provincie
756 677 844 698 videatur,
855 677 914 700 ipsum
929 677 1010 700 Parysius
1023 677 1095 694 deterrui⁴

180 709 267 726 nandum.
279 710 316 726 Nec
328 709 426 726 diffiniatur
437 709 459 726 ad
471 709 551 726 eundum
569 710 654 732 Parysius
664 710 684 726 in
694 710 779 732 expensis
793 710 892 733 provincie,
909 716 941 727 nec
954 710 1004 727 etiam
1019 710 1064 727 vadat
1076 710 1095 727 de

180 742 237 765 gratia
248 742 304 765 putris
315 742 374 759 nostri
384 742 483 764 generalis,
495 742 530 759 nisi
541 743 592 765 prius
603 742 622 759 in
633 742 695 765 aliquo
705 742 766 759 studio
777 742 812 759 sibi
823 749 855 765 per
868 749 917 760 suam
933 743 1038 765 provinciam
1050 743 1095 765 depu-

181 778 216 792 tato
233 775 298 798 legerit
315 781 371 792 unum
389 775 455 792 librum
469 775 488 792 in
502 775 562 798 logica
576 779 595 792 et
608 781 665 792 unum
679 776 698 792 in
712 775 833 798 philosophia,
848 777 870 792 Et
883 776 899 793 si
912 779 973 793 contra
987 779 1095 799 presumptum

180 808 240 829 suerit,
253 808 361 825 diffinitores
372 808 398 825 illi
410 814 454 825 voce
466 811 539 825 careant
549 814 581 831 per
592 808 697 829 triennium,
707 812 725 825 et
736 808 776 825 talis
786 808 870 825 diffinitio
881 808 949 825 nullius
960 809 982 825 sit
993 808 1058 825 roboris
1073 808 1096 825 vel

180 841 274 858 momenti>
286 842 320 858 Per
331 841 433 864 predictum
444 844 504 858 autem
514 847 587 858 cursum
599 847 635 858 non
647 841 671 858 sit
681 841 815 863 consequencia
827 841 935 858 necessaria.
947 842 985 858 Non
998 842 1041 858 enim
1052 841 1096 858 indu-

179 880 222 891 cere
230 874 344 891 intendimus
354 874 404 897 quod
415 880 437 891 ex
446 873 481 890 hoc
493 874 551 890 statim
560 874 591 896 jus
601 874 637 890 sibi
649 874 729 891 vindicet
741 877 759 891 ut
771 874 856 897 Parysius
867 874 972 894 destinetur,
986 874 1016 891 sed
1028 874 1044 891 in
1057 877 1096 897 pote-

180 910 226 924 state
236 913 269 924 sue
279 907 374 930 provincie
385 907 409 924 sit
419 907 442 923 de
453 907 494 929 ipso
505 910 559 929 prout
569 906 605 924 sibi
615 907 707 924 videbitur
719 907 821 929 providere.
834 907 851 924 Si
860 912 903 923 vcro
914 907 1001 929 completo
1010 907 1095 929 quinquen-

179 940 210 957 nio
221 940 302 963 prefatus
314 940 391 957 studens
401 940 467 962 aliquis
478 940 579 962 reperiatur
589 943 625 956 tam
636 940 728 956 modicum
743 940 843 962 profecisse
857 943 877 956 ut
891 940 913 956 ad
926 939 1040 962 recipiendam
1049 940 1096 956 licen-

179 973 221 990 tiam
233 973 309 990 leotorie
319 977 350 990 aut
361 973 383 990 ad
393 973 474 989 eundum
484 972 569 995 Parysius
579 972 603 989 sit
612 973 673 989 minus
684 973 773 995 ydoneus,
785 972 858 989 rediens
869 972 890 989 ad
898 978 947 989 sunm
956 973 1056 995 provinciam
1065 978 1096 989 ser-

179 1006 216 1022 viat
226 1006 265 1022 Deo
275 1006 293 1022 in
304 1006 370 1028 spiritu
381 1005 494 1022 humilitatis.

226 1039 277 1059 nem,
288 1038 410 1061 approbamus
420 1041 439 1055 et
452 1038 580 1055 confirmamus
592 1038 719 1055 diffinitionem
737 1038 799 1055 factam
816 1038 834 1055 in
847 1038 929 1061 Capitulo
939 1038 1025 1055 Florenu'e
1035 1044 1065 1061 que
1075 1038 1096 1055 sir

179 1071 237 1088 dicit:
253 1078 260 1087 ι(
302 1071 366 1088 nullus
377 1074 505 1093 promoveatur
513 1071 535 1087 ad
546 1071 625 1087 officium
636 1071 711 1088 lectorie
724 1078 739 1092 υ,
750 1071 791 1088 eta*

225 1104 278 1124 Item,
291 1104 333 1126 quia
343 1110 365 1120 ex
376 1103 492 1120 multitudine
504 1104 590 1120 lectorum
601 1107 704 1121 conventus
716 1104 771 1126 aliqui
782 1107 918 1127 pregravantur,
932 1104 1025 1120 diffinimus
1034 1107 1050 1120 et
1057 1104 1098 1120 ordi-

180 1142 245 1153 namus
255 1136 304 1159 quod
316 1137 334 1153 in
346 1136 396 1153 nullo
407 1140 505 1157 conventu,
516 1136 547 1153 ubi
557 1142 594 1153 non
604 1140 633 1153 est
640 1137 721 1153 studium
732 1137 818 1159 generale
827 1140 857 1153 aut
867 1136 915 1153 aliud
925 1136 1001 1153 studium
1011 1136 1098 1159 solempne,

179 1173 228 1186 stare
236 1169 316 1186 debeant
323 1169 386 1192 plures
394 1169 473 1186 lectores
481 1172 521 1185 actu
529 1169 613 1192 legentes
620 1175 673 1192 quam
682 1175 738 1192 unus,
747 1169 778 1186 alii
786 1170 864 1186 lectores
871 1172 954 1186 vacantes
962 1169 979 1185 in
987 1169 1063 1186 omnihus
1070 1173 1098 1186 tam

180 1202 198 1218 in
206 1203 278 1225 questis
288 1201 338 1218 bladi
349 1205 368 1219 et
377 1201 415 1218 vini
425 1207 479 1224 quam
491 1201 510 1218 in
520 1202 561 1218 aliis
570 1202 619 1218 intus
627 1205 646 1219 et
655 1205 705 1218 extra
716 1202 763 1219 sicut
772 1202 838 1219 fratres
849 1202 904 1219 ceteri
915 1202 937 1219 de
947 1205 1032 1219 conventu
1038 1202 1098 1219 vadant.

180 1235 205 1251 lta
217 1235 270 1251 etiam
282 1240 315 1252 nec
325 1240 371 1251 voce
382 1240 416 1251 neo
426 1234 495 1257 scripto
505 1240 526 1251 se
535 1235 614 1251 lectores
624 1235 691 1251 saciant
700 1235 794 1257 appellari,
803 1234 840 1252 illis
848 1235 932 1252 duntaxat
939 1235 1015 1258 exceptis
1023 1236 1099 1258 quinctus

179 1273 224 1284 suos
235 1267 343 1285 scolasticos
354 1267 470 1284 laudabiliter
481 1267 597 1285 exercuerint
606 1267 629 1284 ad
639 1268 701 1285 minus
713 1273 745 1290 per
756 1267 791 1284 duo
802 1268 879 1285 triennia
890 1268 908 1285 in
919 1268 978 1285 studio
987 1268 1066 1291 generali,
1075 1268 1099 1286 vel

181 1306 218 1317 uno
228 1301 308 1317 triennio
320 1301 339 1317 in
349 1301 410 1318 studio
421 1301 529 1323 provinciali
540 1304 559 1317 et
568 1301 603 1317 alio
614 1301 645 1322 [in]
654 1301 742 1324 generali<
751 1301 802 1323 Quos
810 1301 863 1318 etiam
871 1302 954 1322 lectores,
964 1301 1030 1318 honore
1037 1302 1099 1325 quidem
