1273 1538
169 54 202 70 428
462 59 630 71 cium-unnim:
647 59 742 71 umvnns.
760 59 826 70 mnis.
1058 53 1101 71 [1333

170 100 254 112 sermone
265 95 418 118 dogmatizaverat
427 99 493 118 captus
504 95 541 112 suit
550 95 644 113 Avinione
654 95 676 112 ab
687 95 828 118 inquisitoribus
838 95 917 112 heretice
927 95 1023 118 pravitatis)
1030 95 1101 112 existens

170 127 254 145 detentus
265 134 274 145 a
284 128 338 145 dictis
351 128 496 150 inquisitoribus
511 128 612 151 quemdam
623 128 715 145 libellum¹
726 128 830 151 composuit
840 128 862 145 ad
872 128 997 145 sustinendum
1007 128 1062 150 aliqua
1071 134 1101 151 que

170 161 240 178 dixerat
253 161 272 178 in
285 161 367 184 predicto
382 166 477 182 sermone,
494 161 514 178 in
530 166 568 183 quo
584 161 702 178 continentur
717 166 790 178 errores
804 161 856 182 certi,
870 163 890 178 ut
903 160 985 177 nonnulli
998 161 1074 183 magistri
1085 161 1101 178 in

169 194 261 217 theologia
274 196 365 215 asserunt,
378 199 425 216 quos
436 193 471 210 tibi
484 199 522 210 una
533 199 576 210 cum
587 193 651 210 libello
662 193 744 216 predicto
758 194 898 210 transmittimus
908 199 941 216 per
950 193 1056 216 presentium
1065 199 1101 216 por-

169 227 248 243 titorem.
264 227 308 243 ltem
323 226 372 249 quod
387 226 426 243 filio
441 229 508 243 nostro
522 226 543 243 in
556 226 632 243 Christo
647 226 742 243 carissimo
756 226 841 249 Philippo
854 226 893 249 regi
908 226 981 243 Francie
991 226 1054 243 illustri
1063 226 1102 243 scri-

169 259 246 280 bimus¹,
257 260 306 282 quod
319 259 353 276 tibi
367 259 487 276 auctoritates
502 265 557 276 sacre
570 259 665 282 Scripture
676 263 694 276 et
703 263 816 281 sanctorum,
828 265 874 282 quas
886 260 904 276 in
917 259 984 277 nostris
997 259 1101 277 sermonibus

170 292 274 309 induximus
284 292 302 309 in
313 292 409 314 questione
423 292 462 313 illa,
477 295 542 309 utrum
555 292 617 309 anime
630 296 712 316 separate
723 299 733 309 a
742 292 852 315 corporibus
864 295 940 315 purgate
953 292 1023 309 videant
1032 292 1101 310 divinam

170 325 267 342 essentiam
284 325 315 341 illa
331 325 402 342 visione
419 331 476 348 quam
493 328 550 342 vocat
566 325 669 348 Apostolus
689 325 780 347 saeialem,
797 328 817 342 ut
834 325 915 347 ejusdem
933 325 1040 348 questionis,
1056 331 1101 348 quam

169 358 285 381 Augustinus
298 358 389 375 interdum
402 358 421 374 in
434 358 537 381 scripturis
551 358 592 375 suis
606 358 697 381 reputavit
708 358 808 379 difficilem,
819 361 838 374 et
849 358 868 375 iu
880 364 915 381 qua
927 361 961 375 tam
972 358 1009 381 ipse
1019 364 1068 380 quam
1076 358 1102 375 alii

170 391 255 408 doctores
267 391 347 408 variasse
362 391 456 412 dicuntur,
471 391 544 408 veritas
558 394 623 414 posset
636 391 714 413 reperiri
727 391 789 414 potius
801 391 824 407 ad
836 391 887 408 illum
899 390 960 412 finem,
971 394 990 408 ut
999 391 1033 407 sihi
1043 391 1080 408 illas
1089 391 1102 408 si

170 423 249 447 placeret
264 424 327 440 audire
341 429 452 447 exponeres,
468 423 559 440 duximus
574 423 703 446 assignandas.
719 423 800 445 ldeoque
813 427 861 440 tuam
875 423 987 446 prudentiam
999 424 1103 441 exhortamur

170 457 188 473 in
199 457 276 473 Domino
287 460 305 473 et
314 462 408 480 rogamus,
421 460 441 473 ut
452 456 476 473 ad
488 456 622 479 exponendum
633 456 750 473 auctoritates
761 456 854 479 predictas
864 456 898 473 sibi
909 456 993 473 exhibeas
1001 460 1017 473 te
1025 460 1102 479 paratum.

169 490 192 506 Et
201 490 216 506 si
227 490 284 506 dictas
293 490 417 510 auctoritates,
427 493 449 506 ut
459 489 479 506 iu
489 495 570 506 recessu
579 493 612 506 tuo
622 489 677 506 nobis
687 492 704 506 te
714 489 803 506 facturum
815 489 883 510 dixisti,
894 489 1040 512 vulgarizaveras,
1050 490 1102 507 eidem

170 523 209 545 regi
220 529 240 540 ac
250 523 287 540 filie
297 526 360 540 nostre
370 523 389 539 in
399 522 476 539 Christo
487 522 587 539 carissime
600 522 683 539 Johauue
694 522 757 545 regine
771 522 847 539 Francie
856 522 923 539 illustri
936 522 984 545 ipsas
996 523 1103 546 vulgarizatas

170 556 244 573 studeas
259 556 369 578 assignare',
385 561 406 572 ac
421 555 440 572 in
456 555 558 578 premissis
574 558 593 571 et
606 554 648 572 aliis
663 555 697 571 Dei
711 554 808 572 ecclesiam
822 555 940 578 tangentibus
950 556 1000 578 juxta
1014 561 1077 572 morem
1088 559 1103 573 te

170 588 237 605 habeas
247 588 345 611 diligenter
392 588 432 604 Dat.
443 587 546 604 Avenione
557 587 596 610 xiiij
608 587 643 604 kal.
655 587 769 608 Decembris,
780 593 829 604 anno
839 588 888 610 xviij,

217 636 249 652 1³25.
256 636 285 648 vm.
294 636 343 648 Sam.
350 635 416 648 soh-nni·
423 635 464 650 xxu.
472 639 495 648 ωι,
504 635 526 651 1⁸,
535 639 550 647 ιι·
557 636 586 651 11⁷,
593 640 615 652 ep.
621 636 650 651 m,
658 635 682 648 τοι.
690 636 726 648 wem

218 677 230 689 1Δ
238 677 260 690 De
268 677 359 690 instantibus⁴
367 677 382 689 V⁴
391 681 434 693 supra
444 679 460 689 n·
471 677 501 692 971,
514 679 548 690 note
557 678 569 690 3.
578 684 593 687 -
602 678 614 690 2.
623 678 638 690 V.
648 679 674 689 n*-
683 678 711 690 97⁸,
721 685 736 687 —
745 678 758 690 8-
768 678 783 690 lu
793 678 826 694 fleg.
837 678 859 690 hic
868 678 916 690 iterum
928 678 1000 694 repetitur:
1008 682 1014 690 «
1021 678 1043 690 tibi
1052 678 1104 690 ‹luximun

172 699 281 712 innunitoendu
289 703 300 711 ›v⁴

172 766 228 786 980.
238 771 310 785 Johannss
317 772 360 785 ,uu
364 771 386 785 aa
392 771 479 790 Philippum
489 772 513 789 Vt,
522 776 573 790 regem
579 772 656 790 franciae,
665 772 683 785 «ιε
691 772 775 785 haeresibus
785 772 847 786 nomae
856 772 919 786 uranus,

761 818 799 833 1³3³,
807 817 880 831 ''cumbra'-
887 817 906 833 181
913 817 978 831 Annivm-

218 854 264 877 Regi
278 854 359 871 Francie.
376 853 410 871 Fili
425 853 533 875 carissime,
549 860 582 877 per
597 854 661 877 plures
676 854 722 875 dies,
737 858 833 877 antequam
848 854 870 871 ad
884 860 917 871 nos
931 854 981 877 regie
993 854 1048 871 littere
1060 860 1107 877 super

172 887 219 904 facto
235 887 296 904 fratris
311 887 380 904 Thome
395 886 473 904 Ordinis
489 887 639 908 Predicatorum,
657 887 689 910 qui
705 887 795 904 Avinione
813 887 928 904 detinebatur
944 887 966 904 ab
980 887 1106 910 inquisitoribus

173 920 266 943 pravitatis
282 920 369 941 heretice,
387 919 532 943 pervenissent,
548 920 612 937 audito
628 920 677 943 quod
691 920 838 942 conquerebatur
854 920 877 937 de
894 920 948 937 dictis
962 920 1105 943 inqffisitoribus',

173 953 233 976 ipsum
244 953 266 970 de
278 953 361 976 ipsorum
373 952 497 970 liberavimus
508 953 598 970 manibus
607 953 631 970 ad
643 956 727 970 nostrum
739 953 828 976 palacium
839 953 926 970 facientes
938 953 1017 970 adduci'.
1028 953 1076 974 Sane,
1085 952 1106 970 fili

173 986 273 1007 carissime,
289 986 336 1003 circa
351 986 417 1003 sactum
433 985 486 1003 illius
502 986 616 1003 excellentie
630 989 661 1003 tue
674 992 774 1009 suppressa
787 986 822 1003 fuit
836 986 909 1007 veritas,
920 989 938 1003 et
948 986 1015 1003 falsitas
1025 986 1043 1003 iu
1053 986 1105 1003 multis

174 1018 261 1041 subjecta.
281 1019 322 1036 Non
338 1019 385 1036 enim
404 1022 483 1042 propter
504 1018 552 1040 hoc,
576 1019 626 1042 quod
646 1019 669 1036 de
690 1019 785 1036 animabus
802 1022 906 1036 sanctorum
924 1019 992 1036 dixerat
1010 1019 1056 1042 quod
1070 1022 1105 1036 ante

173 1052 316 1074 resumptionem
332 1057 431 1075 corporum
446 1051 539 1069 videbam
553 1052 601 1069 facie
615 1052 638 1069 ad
651 1052 714 1069 faciem
730 1052 809 1069 divinam
824 1052 931 1073 essentiam,
943 1053 1000 1069 fuerat
1012 1052 1087 1069 detentus
1097 1058 1105 1069 a

174 1084 284 1107 supradictis
294 1084 454 1107 inquisitoribus',
463 1085 499 1101 sed
510 1085 556 1107 quia
566 1085 586 1102 in
596 1085 661 1102 eodem
672 1091 757 1102 sermone
768 1085 820 1108 plura
831 1085 924 1108 predicare
934 1088 1068 1108 presumpserat,
1076 1090 1106 1108 que

174 1123 207 1141 per
217 1117 280 1141 plures
289 1118 388 1141 magistros
398 1117 417 1134 in
429 1117 530 1141 theologia
540 1122 585 1135 sunt
594 1118 675 1141 judicata
686 1118 712 1135 sic
723 1124 806 1139 erronea,
817 1118 866 1140 quod
877 1124 897 1135 ea
910 1118 1023 1141 pertinaciter
1032 1124 1106 1135 asserens

173 1150 266 1168 hereticus
283 1154 310 1168 est
326 1150 439 1171 censendus,
458 1154 517 1173 prout
535 1150 648 1168 venerabilis
664 1151 720 1168 frater
737 1154 801 1168 noster
815 1151 880 1168 Petrus
894 1151 1041 1174 Rothomagensis
1057 1151 1107 1168 archi-

174 1184 272 1207 episcopus
287 1183 351 1201 debuit
367 1183 499 1200 excellentiam
516 1183 588 1206 regiam
604 1183 709 1201 informare,
726 1185 763 1201 Nec
780 1183 817 1201 hiis
834 1187 937 1205 contentus,
951 1184 991 1201 dum
1006 1184 1106 1201 detineretur

173 1222 182 1233 a
193 1217 246 1234 dictis
259 1216 408 1240 inquisitoribus,
418 1216 522 1239 quemdam
537 1216 622 1233 libellum
635 1216 739 1240 composuit
751 1216 770 1233 in
780 1223 817 1239 quo
827 1217 874 1234 ultra
887 1217 940 1240 xvjtlm
950 1217 1032 1234 dicuntur
1040 1217 1106 1235 hereses

172 1250 268 1271 contineri,
280 1250 302 1267 de
313 1249 380 1273 quibus
393 1249 553 1272 archiepiscopus
568 1249 670 1272 predictus,
684 1249 714 1267 cui
724 1253 742 1266 et
754 1249 837 1266 libellum
849 1253 866 1266 et
878 1255 949 1267 errores
961 1250 979 1267 in
991 1256 1012 1267 eo
1022 1253 1106 1267 contentos

172 1283 266 1304 mittimus,
284 1282 470 1306 circumspectionem
489 1282 563 1305 regiam
581 1283 649 1305 poterit
667 1283 684 1300 si
698 1282 773 1300 libuerit
790 1283 846 1299 latius
862 1283 966 1300 informare.
985 1283 1060 1306 Ideoque
1075 1290 1106 1301 non

172 1316 248 1333 miretur
258 1316 309 1339 regia
318 1315 444 1333 benivolentia
455 1315 472 1332 si
484 1316 512 1332 sic
524 1316 562 1332 cito
573 1316 614 1338 ejus
625 1315 707 1338 expediri
718 1315 813 1338 negotium
823 1319 907 1338 nequeat,
921 1322 960 1334 cum
971 1316 989 1333 in
998 1322 1019 1333 eo
1029 1316 1049 1333 de
1058 1317 1106 1339 perti-
