1273 1538
176 53 209 70 396
462 56 620 69 cunnum-amun
637 56 732 68 umvrzns.
750 56 814 67 ranis.
1049 49 1094 68 [1332

176 107 232 126 942.
244 113 354 125 meran-mmm
362 116 389 130 quo
398 112 494 125 cancellariae
505 113 546 130 rogat
552 112 637 129 summum
647 111 726 125 medicinae
734 112 749 124 ιιι
758 112 815 128 gratam
823 110 875 124 nabere
886 110 918 124 vem
928 110 1000 124 aemesam
1008 114 1017 123 a
1024 114 1039 123 se
1047 110 1096 123 Sinam

221 136 240 149 ae
247 136 322 154 zambrin
330 140 416 150 concinant
761 152 797 166 1³³2
807 152 853 169 mm.
859 152 876 165 m
886 152 958 170 [ewam]

222 190 242 206 In
260 190 332 207 nomine
349 190 428 210 Domini,
447 195 505 206 amen.
519 190 605 206 Noverint
619 189 701 206 universi
712 189 746 206 hoc
763 194 840 212 presens
856 188 947 211 publicum
964 189 1094 205 instrumentum

178 222 285 245 inspecturi,
299 222 347 245 quod
358 227 405 239 anno
415 222 497 244 ejusdem
510 221 606 238 millesimo
622 222 749 239 trecentesimo
763 221 855 239 tricesimo
870 221 927 244 primo
941 221 1038 238 seeundum
1047 226 1095 237 usum

178 254 268 272 curiarum
279 254 415 275 Parisiensium,
426 254 526 271 indictione
536 254 596 277 quinta
607 254 683 275 decima„
694 254 762 272 mensis
776 254 845 278 Aprilis
855 254 885 271 die
899 254 974 275 decima,
989 253 1096 277 pontificatus

179 287 288 304 sanctissimi
307 287 326 303 in
346 287 419 304 Christo
439 287 495 310 patris
515 290 533 304 et
550 287 619 304 domini
640 287 698 304 nostri
717 287 785 304 domini
804 287 891 304 Johannis
913 287 972 304 divina
990 287 1096 310 providentia

178 325 223 342 pape
233 319 284 336 XXII
295 325 342 336 anno
353 322 403 338 sexto
417 319 494 340 decimo,
507 319 526 336 in
536 319 589 336 domo
602 319 720 337 habitationis
733 320 842 337 venerabilis
857 323 875 337 et
889 320 962 337 disereti
977 319 1009 336 viri
1021 319 1096 342 magistri

178 350 271 368 Guillelmi
281 351 303 368 de
313 351 397 368 Narbona
407 352 510 369 cancellarii
521 352 597 369 ecclesie
607 352 717 369 Parisiensis
727 352 745 369 in
755 352 834 370 elaustro
844 352 949 373 Parisiensi,
960 352 978 369 in
992 352 1025 368 mei
1037 352 1096 369 notarii

178 384 246 407 publici
265 387 283 401 et
299 385 373 401 testium
391 384 546 407 infrascriptarum
561 385 662 408 presencia,
680 385 801 407 personaliter
817 385 920 402 constitutis
936 384 1066 402 venerabilibus
1081 388 1096 402 et

178 416 262 433 discretis
272 417 316 433 viris
327 417 375 434 dicto
385 417 458 434 domino
469 417 576 434 cancellario
587 423 608 434 ex
617 424 652 434 una
663 421 720 441 parte,
728 421 746 435 et
753 418 845 440 magistris
856 418 955 440 Reginaldo
966 418 988 434 de
995 418 1095 434 Cornemam

178 449 247 466 decano
257 449 278 466 ad
289 455 366 472 presens
376 450 466 467 facultatis
477 450 572 471 medicine,
583 450 658 467 Cellone
670 450 755 471 [Sellone]
765 450 788 467 de
798 450 873 471 Putheo,
883 450 964 467 Johanne
975 450 996 467 de
1006 450 1094 470 Coucinoo.

176 482 258 499 Johanne
267 482 289 499 de
297 483 392 505 Lingonis,
401 483 454 500 Petro
463 483 486 500 de
493 483 584 503 Fontanis,
594 483 676 506 Remigio
685 483 707 500 de
716 483 843 505 Marigniaco',
852 483 942 506 Stephano
950 483 972 500 de
980 483 1095 504 cavomonte,

177 516 231 532 Petro
244 515 292 532 dicto
306 515 405 538 Pigouche,
421 516 500 532 Hamone
514 516 536 532 de
550 516 648 538 Filigeriis,
659 515 740 533 :ohanne
754 516 802 532 dicto
817 516 892 532 Bouriot
906 519 924 532 et
937 516 994 532 Alano
1007 516 1028 532 de
1037 516 1095 536 Pratis,

178 548 270 571 magistris
278 548 296 564 in
303 548 350 565 dicta
361 548 444 565 facultate
454 548 551 569 medicine,
559 554 609 565 more
619 548 673 565 solito
684 549 787 565 convocatis
796 548 863 565 ibidem
873 552 893 565 ut
902 548 984 565 dicebant
991 550 1019 569 [et]
1026 554 1096 571 congre-

178 582 225 604 gatis
235 581 336 598 facultatem
349 581 447 604 predictam
456 581 564 598 facientibus
572 584 590 598 et
597 581 765 604 representantibus
775 582 815 598 suis
823 584 841 598 et
848 581 894 604 dicte
904 581 992 598 facultatis
1000 581 1096 598 nominibus

178 620 200 631 ex
210 614 243 631 alia
254 617 310 637 parte,
321 617 341 631 ut
350 613 441 635 dicebant,
452 613 582 637 aliquantulum
592 614 690 637 proloquto
700 620 709 631 a
720 614 767 631 dicto
778 614 885 631 cancellario
895 620 935 631 cum
946 614 998 631 dictis
1012 614 1095 637 magistris

177 653 210 664 seu
221 647 322 664 narratione
332 647 377 663 facta
387 646 410 663 de
420 652 463 669 pace
472 647 520 664 inter
529 646 578 669 ipsas
587 650 648 669 partes
658 652 691 669 per
701 647 820 664 reverendum
830 650 898 669 patrem
909 647 1001 664 dominum
1014 647 1096 664 Parisien-

178 685 216 696 sem
232 679 337 702 episcopum
351 679 432 696 facienda
445 679 523 696 Domino
538 679 648 696 concedente
663 685 699 696 seu·
711 685 746 702 que
761 679 801 696 fieri
815 680 921 702 sperabatur
935 683 954 696 ut
967 679 1040 701 dicebat,
1053 680 1095 697 idem

177 712 297 729 cancellarius
307 712 378 735 rogavit
388 712 433 729 inibi
443 712 502 729 dictos
512 712 617 735 magistros,
628 716 718 735 quatenus
728 712 808 735 placeret
819 712 846 729 eis
859 713 909 735 quod
921 712 992 729 licentia
1002 718 1057 736 nuper
1068 719 1096 736 per

177 746 237 768 ipsum
247 745 373 762 cancellarium
386 745 425 762 data
436 745 454 761 in
465 745 512 762 dicta
523 745 601 762 sciencia
616 746 704 768 magistro
718 745 786 762 Simoni
800 745 822 762 de
837 745 946 768 Lantagiis¹,
957 745 987 768 qui
997 751 1031 762 non
1044 745 1097 762 fuerat

169 785 210 805 [per
220 779 284 795 dictam
295 779 397 796 facultatem
412 779 470 795 eidem
487 778 594 795 cancellario
609 782 629 795 ut
643 778 738 795 dicebatur
752 778 819 795 ibidem
835 784 867 801 pro
878 778 924 795 dicta
938 778 1009 795 licentia
1022 778 1096 795 habenda

168 807 309 835 ,presentatusfi
321 812 407 829 transiret
418 818 459 828 cum
473 811 514 828 aliis
524 811 631 828 bachalariis
644 818 677 835 per
686 811 751 828 dictam
761 811 864 828 facultatem
877 812 935 828 eidem
948 811 1051 829 cancellario
1061 812 1097 835 'pre-

177 845 259 865 sentatis,
269 845 352 865 maxime,
363 848 383 861 ut
392 844 464 861 dicebat
473 844 521 861 idem
532 844 656 865 cancellarius„
667 850 708 861 cum
718 844 757 867 ipse
768 845 855 867 magister
865 844 926 861 Simon
937 850 1008 867 semper
1015 844 1076 861 fuisset
1082 848 1098 861 et

177 881 227 895 esset
236 877 326 895 adherens
336 878 385 895 dicto
396 878 505 895 cancellario
515 881 533 894 et
542 877 570 894 liti
580 883 612 894 sue
622 881 684 894 contra
695 877 759 894 dictam
770 877 879 898 facultatem,
889 881 908 894 et
919 884 959 894 cum
972 877 994 894 de
1006 877 1039 894 sihi
1048 878 1097 895 adhe-

176 910 260 927 rentibus
270 911 318 927 sicut
327 911 350 927 de
360 911 400 934 ipso
411 916 445 933 pax
455 910 494 927 fieri
505 910 582 927 debebat
592 914 611 927 ut
621 910 699 927 dicebat.
710 910 815 933 Eodemque
828 910 935 927 cancellario
949 910 1006 927 adhuc
1020 910 1097 933 loquente

176 943 270 966 predictus
280 943 367 966 magister
377 944 433 960 Hamo
444 943 498 960 verba
509 948 541 959 sua
551 943 633 966 dirigens
643 943 665 960 ad
676 943 744 960 dictum
754 943 881 960 cancellarium
892 943 928 960 sihi
941 943 990 964 dicit,
1002 943 1048 965 quod
1059 943 1098 960 alias

176 981 232 998 super
242 975 277 992 hoo
287 976 326 998 ipse
337 975 457 993 cancellarius
468 981 500 999 per
512 976 618 998 magistrum
629 975 745 993 Franciscum
756 976 778 993 de
788 975 880 993 Castello'
890 976 950 999 rogari
963 976 1028 993 fecerat
1039 976 1098 993 dictam

176 1008 278 1025 facultatem
289 1014 322 1025 seu
337 1008 373 1025 sihi
386 1009 492 1032 supplicari.
505 1009 540 1026 Cui
554 1008 613 1026 dictus
627 1008 746 1026 cancellarius
760 1008 861 1032 respondit,
876 1009 924 1031 quod
939 1009 973 1026 hoe
986 1012 1024 1026 erat
1036 1015 1097 1026 verum2

177 1041 249 1062 Quibus
264 1041 318 1058 dictis
335 1041 379 1058 dicti
396 1042 479 1064 magistri
492 1041 593 1058 facultatem
611 1042 711 1065 predictam
728 1042 816 1059 facientes
835 1045 889 1064 prout
905 1047 959 1065 supra
976 1042 1061 1064 rogationi
1070 1048 1099 1059 seu

177 1076 263 1096 requeste
274 1073 317 1090 dicti
327 1074 431 1090 cancellarii
440 1074 545 1096 hujusmodi
561 1074 692 1097 dispensarunt
701 1080 733 1091 seu
745 1074 868 1097 dispensando
881 1077 984 1091 annuerunt
994 1075 1040 1097 qued
1053 1080 1100 1097 roga-

177 1106 213 1127 bat,
225 1105 267 1122 dum
278 1109 345 1127 tamen,
356 1109 375 1123 ut
385 1106 476 1126 dicebant.
491 1112 524 1129 per
533 1106 567 1123 hoc
577 1107 646 1123 eisdem
658 1107 737 1124 facultati
752 1113 784 1124 seu
799 1107 892 1129 magistris
905 1107 975 1124 nullum
989 1107 1099 1130 prejudicium

178 1142 303 1161 generaretur.
315 1140 336 1156 Et
347 1139 407 1156 dictus
417 1139 537 1156 cancellarius
547 1139 615 1156 eisdem
627 1143 670 1156 tunc
685 1139 781 1162 respondit
794 1139 843 1162 quod
858 1145 891 1163 per
905 1140 961 1162 ipsam
974 1140 1059 1156 licentiam
1071 1146 1100 1162 per

177 1178 218 1188 eum
229 1172 317 1194 magistro
328 1172 397 1188 Simoni
408 1175 428 1188 ut
437 1178 492 1195 supra
506 1172 564 1188 datam
578 1171 651 1189 nolebat
664 1172 712 1189 idem
728 1172 847 1189 cancellarius
862 1172 897 1189 sibi
912 1178 945 1189 seu
959 1178 991 1189 sue
1003 1172 1100 1189 cancellarie

177 1204 277 1221 Parisiensi
287 1204 361 1227 aliquod
374 1205 405 1227 jus
418 1205 527 1227 acquisitum
543 1210 584 1221 esse
598 1205 620 1221 de
635 1211 682 1222 novo
697 1211 730 1221 seu
743 1205 820 1228 acquiri,
834 1211 867 1221 nec
882 1205 905 1222 ob
918 1205 952 1222 hoc
968 1205 1037 1222 volebat
1053 1205 1100 1222 dictis

177 1238 270 1260 magistris
284 1243 316 1254 seu
329 1237 409 1254 facultati
422 1237 496 1260 aliquod
510 1237 630 1260 prejudicium
646 1243 680 1254 seu
694 1237 803 1260 vituperium
819 1238 910 1260 generari,
924 1244 957 1255 nec
975 1237 1040 1260 aliquid
1057 1238 1102 1255 aliud

177 1274 240 1288 contra
251 1271 302 1294 ipsos
311 1276 344 1288 seu
355 1276 418 1287 eorum
429 1270 505 1287 alterum
517 1269 540 1287 ob
550 1270 584 1287 hoc
594 1276 649 1293 posse
659 1269 857 1293 aliqualitervimputari
867 1270 886 1287 in
895 1270 981 1287 futurum,
994 1271 1015 1287 Et
1026 1270 1102 1293 promisit

177 1304 217 1327 ipse
227 1303 347 1321 cancellarius
357 1303 405 1320 bona
415 1303 451 1320 fide
462 1309 518 1326 super
527 1303 564 1320 hiis
574 1303 616 1319 dare
628 1303 681 1320 dictis
691 1302 771 1319 facultati
782 1306 800 1319 et
810 1303 901 1325 magistris
912 1303 976 1320 bonam
986 1303 1060 1320 litteram
1072 1309 1105 1320 suo>
