1273 1538
176 42 209 58 264
469 46 627 58 cnawnmmuvu
644 46 737 57 vxuvtns.
756 45 819 57 nnis.
1049 36 1092 55 [1322

223 83 267 98 Item
276 83 317 104 jura
328 82 397 102 dicunt,
408 82 456 104 quod
467 88 530 99 onmes
541 82 604 104 tanffl't,
614 82 635 99 ab
646 81 731 98 omnihus
741 81 836 104 approbari
848 81 907 101 debet,
918 84 948 98 etc.
963 80 997 97 Sed
1006 80 1024 96 in
1035 82 1092 96 statuto

180 117 197 130 et
214 114 287 131 decreto
304 114 391 137 predictis
408 120 445 131 non
461 117 544 137 apparet,
561 114 609 136 qnod
627 114 685 130 vocati
704 114 777 130 suerunt
792 114 874 136 magistri
894 114 984 133 doctores,
1001 112 1092 133 baeealarii,

181 146 261 163 scolares
276 146 375 169 cujuslibet
390 146 479 163 facultatis
492 147 572 163 Parisius
587 150 725 167 commorantes,
742 152 774 163 nec
791 146 880 169 episcopi,
893 145 1027 168 archiepiscopi,
1039 144 1092 164 duces,

181 178 267 199 barones,
277 179 327 195 cives
339 182 357 195 et
369 178 448 201 populus
460 178 575 198 Parisionsis,
586 184 662 200 quorum
676 179 761 195 intererat
770 182 788 195 et
798 179 880 199 interest,
890 184 923 195 nec
934 181 975 195 sunt
984 177 1036 200 aliqui
1045 178 1093 194 numi-

181 211 216 228 nati
232 211 250 227 in
266 211 314 228 dicto
329 213 402 227 statuto.
420 210 472 227 Unde
489 216 529 227 cum
544 210 563 227 in
578 210 658 227 absentia
675 211 797 233 predictorum
813 217 850 227 non
866 214 968 227 vocatorum
982 210 1045 227 suerint
1056 210 1093 227 saeta

181 246 266 260 statutum
280 246 298 260 et
310 243 402 260 decretum
415 243 501 265 predicta,
515 248 551 260 non
561 243 657 260 valuerunt
669 249 702 260 nec
712 243 778 264 valent,
789 246 807 260 et
817 249 849 266 per
859 248 973 266 consequens
984 243 1029 260 dicte
1037 243 1093 260 Jacobs.

181 282 213 292 seu
224 276 275 292 alteri
286 281 322 292 non
333 278 405 292 nocent>
416 275 482 297 Quare,
492 278 524 292 eici

223 309 267 325 Item
278 308 343 325 melius
353 311 382 324 est
394 311 412 324 et
424 307 520 325 honestius
533 311 551 324 et
564 314 596 330 par
608 308 656 330 quod
671 308 736 325 mulier
750 314 805 331 sagax
815 312 832 325 et
842 312 914 331 experta
923 309 941 325 in
951 312 987 325 arte
997 308 1053 325 visitet
1061 315 1093 325 mu-

181 340 244 357 lierem
254 340 350 360 infirmam,
360 340 456 362 videatque
466 344 484 357 et
493 340 572 362 inquirat
582 344 651 357 secreta
662 344 724 358 nature
735 344 752 357 et
762 341 867 358 abscondita
880 341 926 363 ejus„
937 347 988 363 quam
999 341 1063 361 homo',
1070 342 1094 358 cui

181 379 217 389 non
231 372 273 389 ticet
283 373 363 395 predicta
374 372 443 393 videre,
453 373 552 395 inquirere,
564 378 597 389 nec
607 373 679 396 palpare
693 379 764 393 manus.
774 379 867 394 mammas,
877 376 958 391 ventrem
970 376 987 390 et
997 373 1054 396 pedes,
1062 377 1094 394 etc..

181 405 287 426 mulien-unu
303 405 339 422 imo
357 405 412 422 (lebet
427 405 482 422 homo
498 405 594 422 mulierum
611 409 681 422 secreta
696 409 713 422 et
728 412 788 422 earum
806 406 903 423 societates
919 409 997 423 secretas
1010 406 1069 423 evitare
1082 410 1096 423 et

181 439 245 461 sugere
261 442 347 461 quantum
363 442 429 461 potest.
445 439 467 455 Et
482 438 553 455 mulier'
565 442 615 455 antea
630 439 744 461 permitteret
757 444 776 455 se
791 439 845 459 moriv
855 444 908 461 quam
921 442 988 455 secreta
1001 438 1095 456 infirmitatis

182 477 215 488 sue
230 471 299 488 homini
314 471 394 488 revelare
408 475 483 494 propter
496 471 609 488 honestatem
623 477 678 488 sexus
690 471 785 488 muliebris
799 475 817 488 et
829 475 903 494 propter
914 471 1041 490 verecundiam.
1053 478 1096 495 quau·

182 505 280 521 revelando
291 508 389 527 pateretur.
400 505 422 521 Et
431 504 472 521 istis
483 505 505 521 de
515 504 575 521 causis
586 504 641 521 multe
651 504 738 522 mulieres
749 508 766 521 et
776 504 829 521 etiam
839 504 923 521 homines
933 505 1022 527 perierunt
1030 505 1047 521 in
1055 505 1096 522 infir-

182 537 275 554 mitatibus
289 538 336 559 suis,
350 537 433 554 nolentes
448 538 530 554 medicos
544 537 611 554 habere
621 543 644 554 ne
653 537 726 554 videant
738 540 814 554 secreta,
828 538 850 554 Et
862 543 917 560 super
926 537 961 554 hiis
971 541 998 554 est
1006 541 1023 554 et
1032 538 1096 555 fuitvox

182 574 200 587 et
209 571 255 587 sama
266 570 344 593 publica,
356 576 389 587 nec
400 571 433 587 ista
444 570 537 593 negabunt
547 570 626 587 decanus
637 573 655 587 et
664 570 746 593 magistri
757 570 840 592 predicti.
851 570 917 592 Quare¹
928 573 959 587 etc.

227 604 271 620 Item
287 603 382 626 supposito
397 603 437 620 sinc
451 603 559 626 prejudicio,
573 603 622 625 quod
638 603 704 620 malum
718 606 767 620 esset
780 603 829 625 quod
842 603 908 620 mulier
917 603 1002 624 visitaret=
1013 607 1076 620 curaret
1083 607 1097 620 et

181 636 289 659 inquireret„
300 640 320 653 ut
333 636 401 653 dictum
414 639 448 657 est,
461 639 502 657 etc.5
513 636 574 653 minus
587 640 646 653 tamen
660 635 726 653 malum
739 640 767 653 est
777 636 826 659 quod
840 636 905 653 mulier
917 636 995 659 sapiens,
1007 636 1075 653 discreta
1083 640 1097 653 et

182 673 255 692 experta
265 670 284 686 in
295 669 382 692 predictis
395 669 475 692 predicta
488 670 590 686 exercuerit
600 672 618 686 et
627 672 717 690 exerceat,
728 669 769 692 quia
782 669 849 686 infirmi
860 669 953 692 utriusque
963 675 1021 690 sexus„
1031 670 1058 692 qui
1068 675 1098 686 non

182 706 225 719 sunt
235 703 273 719 ausi
287 706 357 719 secreta
370 702 450 726 predicta
462 702 531 719 homini
542 702 629 723 revelare,
640 708 677 719 non
687 702 780 719 voluerint
791 702 841 725 quod
851 706 970 719 morerentur⁴
981 702 1032 719 Modo
1042 702 1062 719 ita
1070 706 1097 723 est,

182 736 231 759 quod
244 737 285 759 jura
301 736 364 753 dicunt
378 736 427 758 quod
442 736 513 753 minora
526 736 571 752 mala
586 736 706 759 permittenda
720 739 763 752 sunt
775 739 794 752 ut
806 736 897 752 evitentur
909 736 980 758 majora.
994 736 1057 752 Idcirco
1065 742 1097 752 cuni

182 770 230 787 dicta
244 769 310 787 Jacoha
325 770 349 786 sit
361 772 434 792 experta
447 769 465 786 in
478 772 516 786 arte
528 769 625 790 medicine,
638 769 705 786 mclius
716 769 792 792 itaque¹⁰
804 772 832 786 est
842 772 859 786 et
869 769 904 786 sibi
914 769 991 792 permitti
1001 769 1052 786 (lebet
1059 769 1098 792 quud

182 803 249 824 visitet,
265 806 285 819 ut
301 806 385 820 exerceat
401 802 497 825 practicale
513 802 599 823 officium„
613 808 666 824 quam
680 802 742 825 [quod]
755 802 822 819 infirmi
840 805 960 824 morerentur,
974 802 1044 819 maxime
1059 802 1098 824 quud

183 836 284 858 quosque¹¹
295 835 314 852 in
325 835 418 852 curatione
428 838 480 852 curat
489 838 508 852 et
517 839 573 852 sanat.

228 869 273 885 Item
287 872 380 891 repertum
393 871 421 885 est
434 871 452 885 et
462 868 486 885 ita
496 868 615 892 probatum¹'‚
627 868 676 891 quod
689 868 772 885 nonnulli
783 868 850 885 infirmi
860 869 955 891 utriusque
968 874 1020 885 sexus
1030 868 1098 891 pluribus

182 901 270 924 gravibus
284 901 421 918 infirmitatibus
435 901 504 918 detenti
517 904 535 918 et
544 901 648 918 laborantes
662 907 695 924 per
709 907 762 924 opem
776 901 897 924 plurimorum
912 901 1034 925 magistrorum
1045 901 1062 917 in
1069 904 1098 918 ane

182 934 273 951 medicine
288 938 404 957 expertorum
417 934 439 951 ab
452 934 588 951 infirmitatibus
601 935 640 951 suis
653 934 782 951 convalescere
795 935 870 951 minime
885 937 987 957 potuerunt,
1000 934 1039 951 licet
1050 940 1098 951 curam

182 970 200 984 et
210 967 324 990 diligentiam
339 973 392 990 quam
407 970 506 990 potuerunt
518 967 647 990 apposuissent
659 968 677 984 in
691 968 773 988 eosdem,
784 974 831 990 quos
845 967 927 984 infirmos
937 968 982 984 dicta
991 967 1052 984 Jacoba
1060 970 1099 990 post-

182 1000 256 1017 modum
267 1003 329 1023 rogata
339 1000 409 1017 sanavit
419 1006 474 1023 parvo
485 1003 567 1023 tempore
576 1004 614 1017 arte
625 1006 659 1023 qua
669 1001 723 1017 decet
732 1006 773 1017 cum
784 1001 855 1017 effectu.
867 1001 933 1022 Quare,
943 1003 974 1018 etc*

227 1033 272 1050 Item
285 1036 378 1054 statutum,
392 1033 493 1054 decretum,
507 1033 589 1055 monitio,
600 1033 692 1054 inhibitio,
703 1034 866 1051 excommunicatio
876 1037 894 1050 et
903 1039 952 1056 pena,
961 1033 1047 1056 sexaginta
1056 1033 1099 1050 tilm-

182 1071 223 1082 rum
238 1066 335 1088 parisiens,
351 1066 370 1082 in
384 1065 458 1086 litteris,
474 1066 542 1088 quibus
558 1066 638 1083 decanus
654 1070 672 1083 et
688 1066 769 1089 magistri
785 1066 861 1089 predicti
878 1070 938 1083 eontra
954 1066 1016 1083 dietam
1029 1066 1098 1083 Jaeoham

184 1102 265 1120 utuntur,
275 1104 313 1115 non
323 1098 384 1115 valent
394 1102 456 1115 contra
466 1099 524 1121 ipsam
534 1099 625 1120 Jacobam,
635 1105 676 1116 nam
687 1099 709 1115 de
720 1099 762 1121 jure
774 1099 851 1116 monitio
861 1105 893 1116 seu
904 1099 986 1116 inhibitio
995 1104 1026 1121 per
1032 1099 1098 1122 judicent

184 1131 328 1149 ecclesiasticum
341 1132 386 1148 facta
398 1131 453 1148 alicui
463 1131 498 1148 sub
509 1137 555 1154 pena
565 1132 668 1154 pecuniaria
680 1138 716 1149 non
726 1132 779 1149 valet⁴
793 1132 829 1149 Sed
839 1132 866 1149 sic
876 1136 904 1149 est
912 1132 931 1149 in
941 1138 993 1149 eausa
1002 1136 1076 1154 presente
1085 1135 1100 1149 ut

182 1168 259 1187 apparet
268 1170 301 1187 per
312 1168 394 1181 tenorem
405 1164 494 1181 dictarum
504 1164 611 1181 litterarum.
622 1165 690 1186 Quare,
700 1167 732 1182 etc.

227 1198 271 1214 Item
288 1198 310 1215 de
322 1198 365 1220 jure
380 1200 414 1219 est„
429 1197 478 1220 quod
493 1197 580 1214 officiales
592 1198 683 1214 curiarum
696 1197 861 1214 ecclesiasticarum
871 1203 908 1214 non
918 1200 993 1220 possunt
1004 1203 1099 1220 cognoscere

182 1237 238 1254 super
248 1231 356 1248 excessibus
370 1234 388 1247 et
400 1231 472 1248 delictis
486 1236 519 1247 nec
532 1230 597 1253 punire
612 1230 748 1253 delinquentes,
763 1230 799 1247 nisi
813 1230 835 1247 ab
848 1231 888 1253 ejus
900 1231 1000 1251 autoritate,
1008 1231 1056 1253 eujus
1066 1235 1099 1248 sunt

183 1263 276 1286 officiales,
292 1264 319 1282 eis
332 1264 356 1281 sit
370 1264 492 1288 personaliter
507 1263 631 1280 commissum*
646 1263 682 1280 Sed
695 1269 731 1280 non
744 1266 819 1286 apparet
831 1269 863 1286 per
873 1263 930 1280 dictas
942 1263 1008 1280 litteras
1018 1264 1062 1286 quod
1069 1264 1099 1283 offi-

183 1298 234 1315 cialis
250 1301 336 1315 statutum
347 1301 364 1315 et
375 1298 475 1319 decretum,
489 1297 615 1318 monitionem,
629 1296 757 1314 inhibitionem
771 1300 789 1313 et
801 1297 1002 1314 excommunicationem
1013 1301 1057 1315 recte
1069 1298 1100 1315 tulit
