1273 1538
175 39 196 55 68
463 45 622 57 ωυητυιμιιινιι
640 45 735 57 movens
753 46 817 57 nnis.
1052 38 1098 57 [1296

175 88 230 107 593.
242 93 327 111 Bon-'saetas
341 94 455 108 ymnorum-010
468 94 487 107 αι
500 94 525 108 aot
535 94 615 108 Albanam*
626 96 640 107 ee
653 94 707 107 Simoni
718 94 812 108 mammen„
827 94 899 113 2pt=copf=
909 94 984 108 commum
996 98 1053 107 masan·
1066 94 1098 107 inea·

219 118 320 132 mummium
328 119 342 132 s.
351 119 417 132 Germana
424 118 442 132 de
450 119 499 132 amu,
506 120 520 132 ιι
530 119 637 132 Unimanum
643 119 732 137 pendentem.

770 144 807 159 mc,
814 144 880 157 mrum?
886 144 905 159 γε,
912 144 963 157 namne.

220 178 361 196 Venerabilibus
370 178 456 196 fratribus
466 192 477 195 ⁴.
486 178 584 196 Albanensi
595 181 613 195 et
621 191 631 195 i.
640 178 748 195 Penestrino
758 178 850 202 episcopis
860 178 959 201 apostolice
970 178 1019 195 sedis
1028 178 1097 195 nuntiis⁴

177 212 242 229 Petitio
254 212 360 229 dilectorum
374 212 453 229 liliorum
465 225 475 229 ..
487 211 567 229 abbatis·
581 215 598 229 et
611 215 711 229 conventus
724 212 830 229 monasterii
844 212 903 229 Sancti
916 211 1001 229 Germani
1012 211 1033 228 de
1046 211 1098 229 Pratis

177 246 291 268 Parisiensis,
300 246 322 264 ad
331 246 428 263 Romanam
436 245 531 263 ecclesiam
542 245 592 263 nullo
600 245 660 262 medio
669 245 783 269 pertinentis,
791 245 867 263 Ordinis
875 245 935 263 Sancti
943 244 1042 266 Benedicti,
1051 244 1098 263 nobis

177 279 256 297 exhibita
268 279 372 297 continebat
384 280 433 303 quod
445 286 486 297 cum
499 279 589 303 quondam
600 292 611 296 ..
622 279 678 296 abbas
692 279 768 302 predicti
783 279 887 296 monasterii
902 279 1033 302 predecessor¹
1046 279 1099 302 ipsius

177 313 247 331 abbatis
262 317 280 330 et
293 314 341 331 idem
356 317 457 331 conventus
469 314 520 336 juxta
534 313 632 333 claustrum
648 313 711 336 prefati
726 313 830 330 monasterii
845 313 864 330 in
876 313 933 330 fundo
945 312 1003 336 ipsius
1018 312 1098 336 quosdam

178 353 239 364 muros
251 347 310 364 facere
322 353 355 365 seu
368 347 438 364 edificia
451 347 522 370 erigere
535 353 567 370 pro
579 347 637 370 ipsius
652 346 756 363 monasterii
771 347 848 364 comodo
863 346 982 370 incepissent,
997 346 1098 363 universitas

177 380 304 404 magistrorum
317 384 334 397 et
348 381 446 398 scolarium
460 381 596 399 Parisiensium.
612 380 634 397 ad
648 380 718 397 abbatis
733 383 750 397 et
765 383 865 398 conventus
879 386 899 397 ac
914 380 1019 397 monasterii
1033 380 1099 403 predic-

176 418 235 431 torum
248 414 323 437 injurias
335 414 442 438 aspirantes,
454 414 472 431 in
483 414 586 437 hujusmodi
599 414 693 437 operarios
703 413 772 431 abbatis
783 417 802 431 et
812 417 914 431 conventus
924 414 1004 437 ipsorum
1017 413 1097 431 insultum

175 451 241 465 armata
253 453 305 465 manu
316 454 362 465 ausu
374 448 461 471 nephario
471 448 531 465 facere
542 451 699 471 presumpserunt,
712 448 764 470 cujus
776 447 855 465 insultus
866 451 948 471 pretextu
960 447 1006 464 inter
1017 453 1098 471 personas

175 485 193 499 et
204 481 283 498 vasallos
295 487 314 499 ae
328 481 410 499 homines
421 482 486 505 prefati
498 481 602 499 monasterii
614 488 635 498 ex
645 485 695 505 parte
707 487 747 502 una,
756 484 774 498 et
785 481 844 498 dictos
855 481 953 504 magistros
964 485 982 498 et
992 481 1069 498 scolares
1080 487 1099 499 ex

174 515 235 537 altera,
249 515 371 532 dissensionis
384 515 457 532 materia
468 515 560 537 suscitata,
572 518 590 532 et
602 515 675 532 demum
687 519 762 538 utraque
774 518 824 538 parte
836 515 935 538 instigante
948 515 1020 532 humani
1030 515 1098 538 generis

175 549 256 570 inimico,
267 552 331 571 agente
342 555 469 572 congressum,
480 549 521 572 quia
532 549 567 566 duo
578 555 600 566 ex
609 549 711 566 scolaribus
724 549 769 572 ipsis
781 549 800 565 in
812 548 861 566 bello
874 552 948 572 propter
960 548 994 566 hoc
1003 549 1047 566 inito
1057 549 1099 566 sicut

175 582 241 600 dicitur
250 582 362 604 ceciderunt,
372 588 392 600 ac
403 582 450 600 inter
460 582 550 606 predictas
563 586 622 605 partes
635 583 724 600 dictorum
738 583 840 600 occisorum
853 583 988 600 dissensionum
1000 582 1099 606 hujusmodi

174 616 270 634 occasione
283 616 359 633 maxime
373 616 459 638 scandali,
473 616 546 633 materia
560 620 694 638 succrescente,
710 616 782 633 demum
796 617 885 634 mediante
899 617 947 634 clarc
960 617 1045 634 memorie
1058 616 1099 640 Phy-

174 650 224 673 lippo
237 655 281 673 rege
294 650 404 667 Francorum
417 653 435 666 et
448 650 556 673 quibusdam
569 650 609 667 aliis
621 650 676 667 bonis
688 650 732 667 viris
744 650 784 668 talis
798 651 845 667 inter
858 654 917 674 partes
930 656 986 673 super
997 650 1030 667 hoc
1039 650 1099 667 amica-

174 686 217 703 bilis
231 686 339 709 compositio
353 686 457 707 intervenit,
471 686 556 703 videlicet
570 686 619 709 quod
633 686 689 703 abbas
704 689 721 703 ct
735 690 836 704 conventus
850 687 912 710 prefati
926 687 945 704 in
959 686 1034 704 ecclesia
1047 686 1099 704 Vallis

176 719 274 737 Scolariuin
285 720 384 737 Parisiens.
396 720 414 737 in
424 720 492 743 capella
502 720 559 737 veteri
570 720 629 737 Sancti
639 720 712 737 Martini
723 721 756 738 sita
764 721 814 743 juxta
827 726 889 738 muros
901 724 919 738 et
930 720 1016 738 ambitum
1028 720 1098 743 predicti

175 754 286 775 monasterii,
297 753 399 776 instituere,
409 760 429 772 ac
440 754 502 772 dotare
515 754 567 772 etiam
580 760 638 777 nsque
651 754 673 771 ad
686 760 764 772 annuum
776 754 878 772 redditum'
891 754 1009 778 quadraginta
1018 754 1098 772 librarum

174 788 278 811 parisiens„
292 788 314 805 de
328 788 381 805 bonis
396 788 459 812 prefati
472 788 577 806 monasterii
592 792 705 810 tenerentur,
718 788 749 805 ubi
764 788 848 812 perpetui
862 788 950 812 capellani
965 794 997 811 pro
1011 788 1099 805 animabus

174 822 300 839 defunctorum
311 822 329 839 in
340 822 407 839 divinis
420 822 484 839 officiis
497 829 518 839 ex
530 826 573 839 tunc
583 825 671 845 perpetuo
684 821 815 840 deservirent&
829 823 850 839 Et
861 822 903 840 licet
912 822 968 840 abbas
978 826 995 839 et
1004 825 1099 839 conventus

174 856 250 879 predicti
264 856 416 879 compositionem
431 856 535 879 hujusmodi
550 856 675 876 observantes,
690 856 800 879 capellanias
814 856 863 879 ipsas
878 856 896 873 in
913 856 990 873 ecclesia
1005 859 1022 873 et
1036 856 1099 879 capella

174 889 248 913 prefatis
258 890 309 913 juxta
321 889 380 913 ipsius
393 890 531 913 compositionis
542 893 622 907 tenorem
637 889 713 906 fecerint
726 893 743 906 et
756 890 841 910 dotarint,
857 893 915 907 tannen
928 890 983 906 iidem
997 889 1075 913 magistri
1084 893 1100 906 et

175 923 255 941 scolares
267 924 290 941 ad
303 924 403 941 eorundem
413 923 483 941 abbatis
494 927 512 940 et
521 927 622 941 conventus
632 923 708 946 injurias
718 923 841 945 intendentes„
850 924 901 947 juxta
911 923 1010 947 predictam
1019 923 1100 946 capellam

176 958 236 975 Sancti
246 958 325 979 Martini,
337 964 371 981 que
382 958 400 974 in
411 957 451 975 loco
461 957 515 974 dictis
525 957 584 974 abbati
595 961 612 974 et
622 957 720 974 conventui
733 957 851 980 spiritualiter
864 961 881 974 et
891 957 1015 980 temporaliter
1024 956 1101 980 subjecto

176 991 210 1008 sita
224 991 263 1008 sore
278 991 385 1012 dinoscitur„
401 994 483 1014 pretextu
498 991 538 1008 talis
555 990 654 1013 capellanie
671 996 704 1013 per
720 997 752 1007 eos
770 994 789 1007 ut
803 991 913 1014 premittitur
927 991 945 1007 in
963 990 992 1007 illa
1007 991 1050 1007 facte
1064 993 1102 1014 post

177 1025 332 1042 denuntiationem
342 1025 384 1042 novi
394 1025 455 1048 operis
468 1024 558 1048 quandam
568 1024 648 1045 domum,
662 1030 734 1041 necnon
748 1027 766 1041 et
778 1028 819 1041 ante
833 1027 902 1047 portam
916 1024 959 1041 dicti
972 1024 1074 1041 monasterii
1085 1024 1101 1041 in

176 1058 232 1074 fundo
243 1058 301 1081 ipsius
311 1058 402 1081 quoddam
415 1058 502 1075 fossatum
515 1058 537 1075 de
550 1064 597 1075 novo
609 1057 668 1074 facero
679 1061 836 1080 presumpserunt,
850 1057 894 1075 alias
905 1058 933 1074 eis
945 1060 963 1074 et
974 1057 1022 1074 dicto
1035 1063 1101 1074 monas-

177 1091 222 1108 terio
232 1091 314 1108 diversas
324 1095 341 1108 et
351 1097 436 1108 enormes
446 1091 522 1114 injurias
532 1091 630 1114 irrogando
641 1091 658 1107 in
669 1091 791 1114 predictorum
802 1091 872 1108 abbatis
882 1095 899 1108 et
908 1095 1009 1108 conventus
1019 1097 1038 1108 ac
1048 1091 1101 1114 ipsius

177 1124 282 1141 monasterii
297 1124 417 1147 prejudicium
432 1130 469 1141 non
484 1124 574 1141 modicum
586 1128 603 1141 et
616 1130 719 1147 gravamen.
734 1124 779 1146 Quia
793 1130 836 1141 vcro
850 1124 872 1141 de
887 1125 933 1141 sacto
947 1127 964 1141 et
977 1124 1017 1141 sacti
1030 1124 1101 1142 circum-

177 1157 248 1175 stantiis
258 1157 324 1174 habere
335 1158 418 1181 poteritis
429 1157 510 1175 notitiam
523 1157 630 1181 pleniorem,
644 1163 679 1174 nos
692 1157 775 1174 nolentes
788 1157 847 1174 abbati
862 1161 879 1174 et
892 1157 989 1174 conventui
1002 1158 1073 1181 prefatis
1085 1158 1101 1174 in

177 1196 210 1208 suo
222 1191 264 1213 jure
279 1190 344 1208 deesse
358 1190 389 1213 qui
400 1196 463 1208 sumus
477 1190 495 1207 in
509 1191 540 1208 illo
555 1190 639 1208 omnibus
653 1190 753 1212 debitores,
767 1191 873 1208 fraternitati
887 1194 948 1208 vestre
963 1196 995 1213 per
1009 1191 1101 1214 apostolica

176 1224 242 1247 scripta
253 1224 358 1241 mandamus
369 1224 454 1247 quatinus
464 1224 546 1247 partibus
554 1224 664 1245 convocatis,
676 1227 694 1241 et
703 1230 759 1247 super
767 1224 853 1241 omnibus
863 1224 935 1247 injuriis
946 1227 963 1241 et
973 1224 1102 1247 gravaminibus

175 1257 197 1274 ab
211 1257 273 1274 eadem
287 1257 410 1274 Universitate
424 1257 483 1274 abbati
498 1261 516 1274 et
530 1258 627 1274 conventui
642 1263 661 1274 ac
677 1258 786 1274 monasterio
802 1258 889 1281 predictis
903 1258 965 1279 illatis,
980 1264 999 1275 ac
1014 1258 1075 1275 litibus
1086 1262 1102 1275 et

175 1291 303 1314 questionibus
313 1290 361 1308 inter
370 1294 431 1314 partes
441 1291 490 1314 ipsas
500 1294 541 1314 post
550 1292 612 1308 factam
625 1291 776 1314 compositionem
787 1291 843 1314 ipsam
857 1291 938 1309 subortis
948 1292 1044 1309 summarie
1053 1299 1073 1309 ac
1082 1292 1102 1309 de

176 1323 229 1347 plano
240 1327 257 1340 et
267 1324 336 1347 absque
346 1324 423 1347 strepitu
433 1327 450 1341 et
461 1324 518 1347 figura
526 1324 591 1347 judicii
601 1324 676 1342 veritate
686 1324 793 1348 diligentius
805 1325 901 1347 exquisita,
914 1325 996 1342 statuatis
1006 1331 1060 1348 super
1069 1326 1102 1343 illis
