1273 1538
175 41 209 58 30ss
414 46 417 49 >
448 45 624 63 rotun-muniun-
639 45 734 57 URtVthS.
753 45 818 57 ranis.
897 38 903 50 f
1050 38 1095 57 [1328

176 107 233 127 870.
246 112 334 126 Universitas
341 113 388 126 Paris.
398 114 435 126 mae
442 116 459 126 ’.ε
466 113 499 130 quis
507 113 572 130 anquam
579 112 642 125 mma».
649 112 731 125 citatorium
739 113 754 125 m
761 112 802 126 wia
810 112 913 126 conservatoris
919 111 1022 130 privilegiorum
1031 112 1094 126 vntum<

221 137 260 155 eam,
268 137 318 150 imviis
325 138 379 150 “aton
387 138 401 150 e!
407 136 481 155 deputatis
489 137 508 150 ab
517 137 615 154 vnfvmimte,
624 136 702 154 impetrare
707 138 797 154 praesumat.

763 172 765 174 “
770 176 809 192 1³2⁸,
816 171 882 190 romam·
887 177 899 192 9,
907 176 963 190 ramas.

221 214 317 231 Universis
327 217 422 237 presentes
432 213 502 230 litteras
512 213 621 236 inspecturis
632 213 741 231 universitas
752 213 879 237 magistrorum
890 217 906 231 et
919 213 1013 231 scolarium
1023 213 1095 231 Parisius

178 247 288 264 studentium
306 247 383 264 salutem
400 246 418 263 in
435 246 472 264 filio
489 246 572 269 Virginis
588 246 676 270 gloriose.
694 247 715 264 ln
731 247 828 264 mundanis
845 246 927 270 collegiis
944 250 990 265 tanta
1008 246 1095 270 discipline

177 280 264 303 perfectio
275 283 293 297 et
302 280 398 303 regiminis
407 279 489 297 ordinata
499 280 580 302 jocunda
592 280 678 303 quietatio
692 286 782 303 nunquam
795 280 825 297 vel
837 286 877 297 raro
887 280 954 303 legitur
963 280 1047 301 extitisse,
1057 280 1096 303 quin

177 313 274 336 aliquando
284 313 364 336 propriis
374 312 515 330 domesticorum
526 318 601 330 suorum
611 313 735 336 pertinacibus
745 313 832 337 nequitiis
839 314 893 330 suerit
901 313 1010 331 conturbata.
1019 314 1096 335 Quamvis

177 346 233 369 igitur
243 346 357 363 Universitas
367 346 482 367 Parisiensis.
493 346 515 363 ad
526 352 578 369 quam
591 346 613 363 ‹le
627 347 698 364 cunctis
708 347 770 364 mundi
781 347 888 370 regionibus
900 347 926 364 illi
936 347 1027 364 confluunt
1037 347 1096 370 quibus

178 380 227 396 Deus
238 383 255 397 et
265 383 327 397 natura
337 379 459 402 perfectiones
472 379 559 396 humanas
571 379 676 397 desiderare
688 380 786 401 concessit,
798 383 862 397 cuneta
875 380 951 403 collegia
961 380 1021 397 mundi
1031 376 1096 397 'rectitu-

178 413 220 430 dine
234 413 331 436 discipline
344 412 440 430 laudabilis
454 419 507 436 quatu
522 413 616 436 regiminis
630 413 691 436 quiete
704 413 807 430 delectabili
820 413 906 436 precellat
918 420 951 431 nec
965 419 1000 430 non
1013 413 1071 436 irrigat
1082 417 1096 431 et

177 446 262 463 fecundat
272 452 276 463 :
288 446 329 470 quia
343 450 402 463 tamen
411 446 429 463 in
441 446 500 469 ipsius
512 447 608 469 capacitate
621 446 724 470 largissima
738 450 873 469 congregantur
884 447 1015 470 quamplurimi,
1028 452 1096 470 quorum

177 483 277 503 conceptus
293 483 310 497 et
327 480 402 497 affectus
420 479 510 503 malignos
527 479 566 503 ipsa
582 480 696 497 Universitas
713 486 749 497 nou
766 483 825 502 potest
843 486 961 503 cognoscere.
978 486 1010 497 nec
1027 483 1096 501 tenetur,

177 513 246 530 idcirco
259 519 295 530 non
308 517 336 530 cst
346 513 504 536 reprehensibilis,
515 513 530 530 si
541 514 558 530 in
570 519 596 534 oa,v
606 513 653 531 sicut
666 513 684 530 in
697 513 781 536 collegiis
793 513 859 530 ceteris
872 513 978 534 minoribus,
992 513 1096 530 inveniantur

177 546 233 569 aliqui
243 546 378 569 delinquentes.
388 547 456 564 Verum
467 547 515 563 sicut
523 546 583 563 {idelis
594 550 611 563 et
619 546 715 572 diligentis
727 546 808 569 agricole
822 547 909 563 sedulitas
921 546 943 563 nl)
954 547 1003 570 agris
1015 546 1096 564 fertilibus

176 579 243 597 herbas
260 583 277 597 et
294 580 356 603 spinas
373 585 476 603 perversas,
493 579 591 597 electorum
608 580 699 597 fructuum
719 580 845 601 destructivas,
861 583 921 603 preter
935 581 975 602 ejus
988 580 1096 597 intentionem

177 616 273 630 nascentes
283 613 370 630 radicitus
380 612 459 630 evellere
470 616 548 633 tenetur.
559 613 585 629 sic
595 616 611 629 et
622 619 662 634 nos,
674 613 705 636 qui
715 613 793 630 cothidie
801 613 878 635 jubente
886 614 924 630 Deo
932 613 1042 636 predicamus
1048 614 1096 636 justi-

177 646 226 668 tiam,
237 645 324 663 malorum
337 646 449 669 punitiones,
460 649 477 663 et
490 646 506 663 si
517 645 653 669 incorrigibiles
666 649 684 663 et
696 646 806 663 insanabiles
819 646 939 667 inveniantur,
949 646 1012 663 totales
1022 646 1096 663 extermi-

177 680 260 697 nationes
270 679 362 697 credimus
375 679 492 702 persuadere=
506 685 529 696 ne
541 679 580 696 suis
592 679 733 702 contagionibus
745 683 763 697 et
775 680 867 702 perversis
878 679 969 703 simplices
979 680 1072 703 depravent
1082 683 1097 697 et

177 713 258 730 inficiant
272 713 386 734 innocentes,
397 713 447 735 quod
460 716 503 730 tunc
517 716 566 730 recte
579 718 633 735 agere
648 713 747 734 credimus,
761 719 801 729 cuin
815 713 861 730 viam
875 713 962 730 malorum
977 713 1096 736 precludimus=

176 746 266 763 abusores
279 746 396 770 corrigimus,
412 745 489 763 obnoxia
504 745 628 763 subtrahimus
643 749 661 763 et
675 746 755 763 salubria
769 752 894 769 procuramus.
910 746 955 763 Sane
971 752 1009 763 cum
1024 746 1040 763 in
1054 746 1096 763 curia

176 780 311 797 conservatoris
326 780 463 803 privilegiorum
479 783 582 797 nostrorum
598 783 633 797 tam
648 786 703 802 super
719 780 856 803 participatione
870 786 922 803 quam
938 780 1008 801 salario,
1022 786 1053 797 nec
1066 786 1097 797 non

177 817 218 830 ante
232 813 283 835 actis,
299 813 417 836 quamplures
432 813 501 830 abusus
514 816 648 836 perpetrentur,
663 819 719 836 super
732 813 799 836 quibus
815 813 861 830 dieta
874 813 985 831 Uuiversitas
999 816 1016 830 et
1028 819 1098 837 persone

178 847 259 870 ejusdem
269 847 395 870 multipliciter
404 846 524 869 denigrantur
535 852 538 863 z
549 852 583 863 nos
593 846 676 864 volentes
687 853 742 870 super
751 847 787 864 hiis
797 852 898 870 congruunt
909 847 1006 864 remedium
1014 847 1098 868 adhibere,

177 880 273 897 statuimus
286 883 304 897 et
316 880 421 897 ordinamus
436 880 485 903 quod
499 880 567 901 nullus,
580 880 619 897 sive
634 880 658 897 sit
675 880 761 903 magister
778 880 817 897 sive
831 880 914 902 scolaris,
929 880 1011 897 decetero
1029 880 1098 903 aliquam

177 913 255 931 litteram
266 913 364 931 citatoriam
376 916 411 930 tam
421 919 476 936 super
486 913 623 937 participatione
633 919 687 936 quain
697 913 770 935 salario,
780 917 810 931 aut
820 913 920 930 secundum
930 916 1021 935 retroacta,v
1032 914 1049 931 in
1058 914 1099 931 dicta

178 947 228 964 curia
238 947 372 964 conservatoris
382 946 447 964 audeat
457 947 561 970 impetrare,
571 947 607 964 nisi
618 947 668 970 prius
679 953 739 964 coram
749 951 820 964 rectore
830 950 848 964 et
858 947 947 970 deputatis
957 947 978 964 ab
988 947 1099 964 Universitate

177 979 258 1003 predicta
275 980 404 1003 comparuerit,
420 983 438 997 et
454 986 526 997 eausam
544 986 594 997 suam
611 980 720 1001 ostenderit⁷
740 984 758 998 et
775 981 822 998 sicut
839 980 861 997 de
878 980 918 997 aliis
934 980 999 998 litteris
1013 981 1099 998 occasione

176 1013 249 1037 pedagii
263 1017 280 1031 et
293 1020 326 1037 pro
341 1014 428 1031 tractioue
442 1016 491 1031 extra
505 1020 568 1031 muros
581 1013 662 1031 debitum
677 1014 777 1037 prostiterit
789 1014 918 1037 jurameutum.
933 1014 951 1031 Si
965 1014 1006 1037 quis
1018 1018 1072 1031 autem
1084 1014 1100 1031 in

177 1047 287 1064 contrarium
298 1050 404 1070 attemptare
414 1048 554 1070 presumpserit,
562 1047 609 1064 dicta
617 1047 731 1064 Universitas
741 1051 804 1065 contra
814 1053 854 1064 euin
864 1047 950 1070 procedet
960 1047 982 1064 ad
992 1048 1099 1071 privationem

178 1083 284 1103 perpetuam
293 1080 322 1097 vel
332 1080 355 1097 ad
366 1084 444 1103 tempus,
454 1083 485 1097 aut
494 1080 596 1098 secundum
606 1081 654 1104 quod
665 1080 682 1098 ei
692 1080 784 1098 videbitur
793 1081 886 1104 expedire.
897 1081 974 1104 Insuper
981 1087 1019 1098 cum
1028 1081 1044 1098 in
1052 1081 1100 1104 privi-

176 1112 227 1137 legio
243 1113 344 1136 apostolico
361 1117 452 1135 caveatur⁷
469 1116 490 1130 ut
506 1113 593 1131 officiales
609 1114 628 1130 in
645 1114 695 1131 curia
711 1114 755 1131 dicti
770 1114 905 1131 conservatoris
921 1114 940 1131 in
957 1114 1044 1137 presentia
1059 1114 1100 1131 dicte

179 1147 307 1164 Universitatis
324 1147 346 1164 ad
361 1147 485 1170 juramentum
501 1147 644 1170 adstringantur,
662 1147 712 1170 quod
728 1147 807 1165 officium
827 1153 879 1165 suum
898 1147 976 1165 fideliter
995 1148 1100 1168 exercebunt,

179 1181 261 1198 decernit
273 1181 312 1204 ipsa
326 1180 440 1198 Universitas
454 1180 503 1203 quod
516 1184 644 1203 procuratores
658 1180 710 1198 missi
724 1187 734 1198 a
748 1181 828 1199 divorsis
841 1181 903 1198 mundi
918 1181 999 1205 partibus
1010 1182 1031 1199 ad
1040 1182 1101 1199 deffen-

179 1215 249 1232 sionem
260 1215 363 1236 citatorum⁷
376 1214 412 1231 nisi
424 1214 443 1231 in
456 1214 503 1231 dicta
514 1214 564 1231 curia
574 1214 623 1231 soliti
633 1214 670 1231 sint
683 1214 761 1231 officium
772 1214 876 1236 hujusmodi
889 1215 1007 1232 communitor
1019 1221 1101 1236 exercere,

178 1254 216 1265 non
230 1248 298 1265 debent
311 1248 388 1271 astringi
398 1247 420 1264 ad
430 1247 536 1270 hujusmodi
543 1248 674 1270 juramentum,
685 1254 726 1264 cum
736 1247 782 1265 tales
794 1253 830 1264 non
841 1248 878 1265 sint
887 1254 991 1265 communes
1004 1248 1048 1265 dicte
1058 1247 1104 1265 curie'

179 1281 266 1299 officiales
276 1288 310 1299 nec
320 1285 457 1305 procuratores;
471 1284 489 1299 et
501 1287 523 1298 ne
537 1281 561 1298 ol>
573 1281 608 1298 hoc
619 1284 726 1304 reputentur
736 1281 826 1298 immerito
837 1287 899 1298 eorum
910 1282 978 1299 domini
990 1286 1101 1299 contumaces.

179 1316 223 1333 Acta
232 1316 307 1333 suerunt
316 1315 349 1333 hec
360 1316 379 1333 in
389 1319 451 1333 nostra
460 1314 604 1338 congreg-atione
614 1314 697 1337 generali
706 1314 754 1338 apud
765 1315 850 1332 Sanctum
859 1315 968 1332 Maturinuui
978 1316 1055 1333 Pau-isius
1063 1316 1101 1332 sacta

242 1346 263 1357 su.
