1273 1538
173 47 206 64 438
466 51 625 64 eiun'rummiuu
643 53 736 63 υιυνιειιε4
757 53 820 64 ruiis.
1050 46 1095 64 [1³34

174 88 273 109 audiverat,
289 88 399 111 fidedignam
415 89 433 105 in
448 89 517 105 nostris
532 89 597 105 litteris
612 89 733 106 nominamus.
748 89 788 105 Non
803 92 861 105 autem
876 88 967 105 doctorem
979 88 1007 105 vel
1018 88 1095 105 doctores

175 121 225 138 illum
238 121 267 138 vel
279 121 329 142 illos,
343 122 374 144 qui
388 121 421 138 hec
434 121 469 138 sibi
483 121 565 138 dixerant
574 121 689 138 nominamus
701 121 811 144 fidedignos.
827 122 848 137 Et
859 121 893 138 hoc
904 124 950 144 putet
962 121 1003 143 quia
1012 121 1030 137 in
1039 121 1095 137 eadem

174 154 234 171 littera
248 154 307 171 statim
322 154 456 177 subjunximus,
471 153 520 176 quod
535 153 557 170 ab
572 154 613 170 aliis
627 153 695 176 quihus
708 159 785 176 prorsus
799 153 854 170 fidem
868 153 960 170 indubiam
975 153 1095 170 adhibebamus

175 186 283 207 audivimus,
295 186 344 209 quod
355 190 459 209 preceptum
473 186 508 203 tale
519 192 551 203 seu
562 186 643 203 inductio
654 186 675 202 ab
686 192 717 202 ore
728 186 779 209 regio
789 192 826 203 non
836 186 931 209 processit.
943 186 994 203 Unde
1004 192 1038 203 non
1047 186 1096 203 debet

175 219 226 242 regia
242 219 382 241 circumspectio
397 218 482 235 admirari
497 218 512 235 si
528 218 584 239 illum,
602 218 632 241 qui
647 224 656 235 n
672 218 746 235 doctore
761 219 790 236 vel
805 218 911 236 doctoribus
926 219 963 235 illis
977 218 1043 235 audivit
1055 218 1095 235 illud

175 252 289 269 mendacium
303 251 393 274 uobisque
407 257 427 268 se
440 251 533 268 audivisse
546 251 600 268 verba
615 251 645 268 illa
660 251 728 271 retulit,
742 252 856 269 nominamus
869 251 987 275 fidedignmn,
1001 252 1096 274 frequenter

176 285 223 301 enirn
242 284 333 307 contingit
349 284 399 307 quod
413 284 485 307 magnis
499 284 613 307 principibus
628 284 758 301 ecelesiasticis
775 288 793 301 et
809 284 922 302 secularibus
937 284 990 301 multa
1004 285 1096 301 reserantur

176 317 268 334 mendacia
283 323 318 340 que
331 317 365 340 ipsi
379 323 399 334 se
412 317 452 334 aliis
466 317 547 334 referunt
559 317 658 334 audivisse.
673 318 709 334 Nec
723 321 798 340 propter
809 317 844 334 hoc
856 323 918 334 eorum
932 317 977 334 fides
989 317 1057 337 lediiurx
1067 318 1095 334 sed

175 353 256 366 remanet
265 349 340 366 illibata<

220 382 285 399 Adhuc
299 383 318 399 in
331 383 401 400 eisdem
416 382 482 399 litteris
497 383 553 405 regiis
567 383 647 399 vidimus
660 383 756 403 contineri,
769 383 819 405 quod
831 389 840 399 a
853 383 936 406 pluribus
951 383 1040 399 dicebatur
1053 383 1095 406 quod

176 421 210 432 nos
221 416 328 432 miseramus
341 416 427 433 dilectum
438 415 496 433 filium
506 415 604 433 Geraldum
615 415 694 433 Othonis
703 416 806 438 generalem
818 416 920 433 ministrum
933 416 1005 432 fratrum
1014 416 1095 433 Minorum

162 461 164 466 ι
176 448 257 465 Parisius
267 449 289 465 ad
300 449 402 466 docendum
414 452 431 465 et
442 448 571 471 predicandum
583 448 632 471 quod
643 448 702 465 anime
712 452 794 471 separate
805 454 814 465 a
824 454 907 471 corpore,
917 455 927 465 a
938 449 1013 471 pcccatis
1023 452 1096 471 purgate,

176 481 254 498 divinam
265 482 363 498 essentiam
374 487 433 504 usque
444 485 485 504 post
498 481 650 498 resurrectionem
664 487 760 504 corporum
772 487 808 498 non
819 481 921 498 videbunt&
933 481 961 498 Ad
971 481 1018 504 quod
1028 481 1096 498 dicimus

158 522 162 536 5
176 518 194 531 et
204 515 303 531 asserimus
314 520 373 531 coram
385 515 423 531 Deo
434 514 484 537 quod
495 520 585 537 nunquam
599 514 634 531 boc
644 520 675 531 cor
687 518 768 531 nostrum
783 514 856 531 intravit
866 520 898 531 nec
909 514 964 531 exivit
972 514 994 531 ab
1004 520 1039 535 ore,
1049 514 1096 531 immo

176 547 324 570 supponebamus
340 547 415 564 firmiter
430 547 480 569 quod
497 547 571 564 indilate
588 547 668 570 exposita
684 547 775 569 legatione
790 553 822 564 sua
837 547 943 564 excellentie
960 548 1014 570 regie,
1029 548 1097 570 ejusque

160 597 162 601 7
176 580 237 597 audito
250 580 371 603 heneplacito,
386 586 408 596 an
419 580 474 596 vellet
487 586 520 602 pro
534 580 597 596 eodem
612 580 690 602 negocio
703 580 774 602 aliquos
788 580 816 597 vel
830 580 907 603 aliquem
920 581 997 597 nuncios
1008 580 1096 601 destinare,

176 613 235 630 statim
245 619 285 630 cuni
300 613 370 635 collega
386 613 429 629 suo‘
440 612 517 629 deberet
529 613 615 635 prosequi
631 618 696 629 versus
710 613 794 635 Angliam
809 616 827 629 et.
841 613 917 630 Scotiam
932 616 1002 636 ceptum
1015 613 1052 629 iter*
1066 613 1097 630 Sed

176 646 222 669 ipsis
232 646 312 663 Parisius
325 645 416 663 stantibus
425 658 437 662 .,
446 649 553 668 procurator
565 646 655 662 carissimi
667 646 686 662 in
699 646 772 663 Christo
784 646 818 662 filii
832 646 889 663 nostri
901 659 911 662 .,
921 646 978 669 regis⁷
992 646 1048 663 Scotie
1062 645 1097 663 illu-

176 679 226 700 stt-is7
237 679 259 695 nd
271 685 303 695 eos
316 679 399 699 veniens,
411 678 438 695 eis
448 678 541 695 insinuare
552 679 622 695 curavit
631 679 680 701 quod
691 684 722 695 rex
735 679 795 695 Scotie
806 685 843 695 non
855 682 893 696 erat
903 679 920 695 in
931 685 987 702 regno
997 679 1059 700 Scotie,
1069 685 1097 696 uec

176 718 210 734 pro
221 712 284 729 eodem
295 711 361 734 aliquis
371 717 412 728 cum
422 717 459 734 quo
469 715 546 734 possent
556 717 611 734 super
620 712 697 734 negocio
707 712 757 734 pacis
766 712 794 729 vel
802 712 838 729 alio
846 715 939 729 tractatum
947 712 1018 729 habere*
1027 712 1098 734 Ideoque

177 750 239 761 eorum
252 745 297 762 viani
311 745 333 762 ad
346 750 423 768 presens
438 744 568 761 infructuosam
583 748 601 761 et
616 745 698 761 inutilem
715 745 815 768 reputabat,
831 746 868 762 1-100
883 748 941 762 autem
953 749 987 762 tam
999 745 1033 768 ipsi
1044 745 1098 762 nuncii

176 778 234 795 nostri
245 784 297 801 quam
308 782 416 801 procurator
427 778 476 801 regis
487 778 564 800 predicti
574 778 628 795 nobis
638 784 670 801 per
681 784 723 795 suas
732 778 803 795 litteras
814 778 928 795 nunciarunt*
940 779 976 796 Nos
986 782 1042 795 autem
1051 778 1098 795 fidem

177 811 294 828 adhibentes¹
309 811 423 834 procuratori
436 811 518 834 predicto
531 812 611 834 prefatos
624 811 702 828 nuncios
715 817 747 834 per
757 815 829 828 nostras
841 811 911 828 litteras
923 811 1005 829 duximus
1016 817 1098 832 revocare,

177 844 212 862 hoc
226 844 296 867 adjecto
312 845 361 867 quod
376 844 468 867 generalis
482 844 565 861 minister
578 844 594 861 si
607 850 640 867 pro
654 844 683 861 sui
697 844 772 861 Ordinis
786 844 869 867 negociis
882 844 960 861 habebat
972 845 991 861 in
1003 844 1064 868 Anglia
1074 845 1099 861 vel

177 877 220 894 alibi
235 877 334 900 proticisci⁷
349 877 383 895 hoc
399 881 462 900 posset
476 877 542 897 facere.v
558 877 579 894 ad
595 883 628 894 nos
645 877 712 894 nuncio
726 877 762 894 alio
778 877 871 894 redeunte.
888 878 910 894 Et
922 878 962 900 quia
975 881 1098 900 procuratorem

178 911 278 934 predictum
295 911 346 934 regis
363 911 423 928 Scotie
440 910 521 928 Parisius
538 910 630 928 credimus
647 910 705 927 adhuc
723 916 770 931 csse,
790 911 915 928 excellentiam
932 911 998 934 regiam
1015 916 1099 934 precamur

177 947 244 961 attente
259 948 279 961 ut
292 950 332 961 cum
347 944 395 961 dicto
411 947 529 967 procuratore
541 950 561 961 se
573 944 671 961 informare
685 944 751 961 debent
765 944 788 960 de
801 944 903 967 premissis,
918 948 936 961 ut
950 944 965 961 si
975 944 1008 961 hec
1020 950 1053 967 que
1064 950 1099 967 pre-

178 977 262 994 misimus
275 977 367 994 invenerit
382 983 423 994 esse
438 983 487 997 vera,
503 976 547 994 velit
560 977 651 994 celsitudo
667 977 717 1000 regia
732 977 842 994 relatoribus
856 977 922 994 talibus
936 977 1021 994 minorem
1035 977 1053 994 in
1065 977 1100 994 aliis

179 1010 233 1026 fidem
244 1010 293 1027 dare.

224 1043 294 1059 Rursus
308 1042 436 1059 continebatur
446 1043 465 1060 in
476 1043 544 1060 eisdem
558 1043 625 1060 litteris
637 1043 700 1066 regiiS,
714 1043 763 1066 quod
774 1049 783 1060 a
792 1043 854 1060 multis
867 1042 979 1066 sapientibus
991 1043 1053 1060 dicitur
1061 1043 1100 1060 tales

179 1075 287 1098 questiones
304 1079 324 1092 ut
339 1075 450 1093 subtilitates
468 1082 505 1092 non
522 1081 563 1093 esse
580 1076 657 1093 multum
674 1075 718 1092 utile
735 1075 834 1099 publicare*
852 1076 880 1093 Ad
897 1076 954 1099 quod,
970 1076 996 1093 tili
1011 1076 1101 1096 carissime,

180 1108 323 1131 respondemus,
346 1108 405 1131 quod,
426 1109 460 1125 etsi
482 1108 524 1125 talia
540 1109 634 1132 predicare
652 1109 693 1126 rudi
710 1112 728 1126 et
744 1109 805 1126 minus
824 1108 933 1132 intelligenti
952 1109 1017 1132 populo
1036 1112 1102 1132 possent

180 1141 256 1158 forsitan
269 1147 307 1158 non
321 1142 359 1158 fore
374 1141 424 1162 utile,
439 1145 514 1164 propter
523 1141 557 1158 hoc
570 1142 623 1164 [quia]
636 1148 673 1159 non
687 1145 765 1164 possunt
777 1148 842 1165 capere
855 1148 888 1159 nec
901 1142 1002 1165 intelligere
1010 1142 1102 1164 :judicare'

180 1178 246 1195 tamen,
257 1174 306 1197 quod
317 1174 414 1197 capacibus
425 1174 447 1191 de
458 1174 526 1191 talibus
537 1174 642 1197 predicetur
652 1175 732 1197 (proviso
743 1175 792 1197 quod
803 1174 859 1192 nichil
869 1178 930 1191 contra
942 1174 996 1192 fidem
1007 1175 1102 1192 catholicam

180 1208 277 1229 asseratur)
291 1207 439 1230 reprehensibile
451 1213 489 1224 non
502 1207 579 1224 videtur.
594 1207 670 1224 Constat
684 1207 732 1224 enim
745 1207 793 1230 quod
804 1207 826 1224 de
837 1208 907 1224 visione
918 1208 1015 1224 animarum
1024 1207 1102 1230 predicta,

180 1244 198 1257 et
207 1240 292 1257 Christus
306 1244 324 1257 et
338 1239 423 1263 apostoli,
438 1243 458 1257 ut
471 1243 521 1262 patet
533 1240 552 1256 in
566 1240 671 1263 Evangeliis
686 1243 703 1256 et
717 1241 842 1263 apostolorum
855 1240 945 1263 epistolis,
959 1241 1026 1263 sepius⁷
1039 1240 1072 1258 imo
1084 1241 1102 1258 de

180 1273 241 1290 multis
256 1273 353 1290 altioribus
364 1276 386 1290 ret
399 1272 529 1290 subtilioribus
543 1272 590 1293 aliis,
605 1276 624 1290 ut
638 1276 688 1296 patet
701 1273 807 1296 specialiter
819 1273 838 1290 in
851 1273 950 1296 Evangelio
964 1273 1048 1291 Johannis
1060 1274 1103 1291 etin

180 1306 285 1329 Apocalipsi
298 1307 317 1323 iu
329 1306 375 1323 locis
389 1306 451 1327 variisv
462 1309 506 1323 sunt
518 1306 580 1323 locuti.
597 1306 657 1323 Sancti
672 1311 746 1328 quoque
759 1306 777 1322 in
789 1306 829 1323 suis
841 1306 913 1329 scriptis
924 1310 941 1323 et
953 1307 1063 1324 sermonibus
1072 1311 1102 1324 tam
