<?xml version="1.0" encoding="UTF-8"?>
<!DOCTYPE html PUBLIC "-//W3C//DTD XHTML 1.0 Transitional//EN"
    "http://www.w3.org/TR/xhtml1/DTD/xhtml1-transitional.dtd">
<html xmlns="http://www.w3.org/1999/xhtml" xml:lang="en" lang="en">
 <head>
  <title>
</title>
<meta http-equiv="Content-Type" content="text/html;charset=utf-8" />
  <meta name='ocr-system' content='tesseract 3.04.00' />
  <meta name='ocr-capabilities' content='ocr_page ocr_carea ocr_par ocr_line ocrx_word'/>
</head>
<body>
  <div class='ocr_page' id='page_1' title='image "./chartulariumuni00mogoog_0077.png"; bbox 0 0 1273 1538; ppageno 0'>
   <div class='ocr_carea' id='block_1_1' title="bbox 171 34 1096 56">
    <p class='ocr_par' dir='ltr' id='par_1_1' title="bbox 171 34 1096 56">
     <span class='ocr_line' id='line_1_1' title="bbox 171 34 1096 56; baseline 0 -4"><span class='ocrx_word' id='word_1_1' title='bbox 171 36 193 52; x_wconf 87' lang='grc'>50</span> <span class='ocrx_word' id='word_1_2' title='bbox 457 40 621 52; x_wconf 53' lang='lat' dir='ltr'>casua-vimulum</span> <span class='ocrx_word' id='word_1_3' title='bbox 639 41 733 53; x_wconf 69' lang='lat' dir='ltr'>umvsas.</span> <span class='ocrx_word' id='word_1_4' title='bbox 751 41 816 56; x_wconf 32' lang='lat' dir='ltr'>iulus*</span> <span class='ocrx_word' id='word_1_5' title='bbox 1051 34 1096 53; x_wconf 81' lang='lat'>[1291</span> 
     </span>
    </p>
   </div>
   <div class='ocr_carea' id='block_1_2' title="bbox 171 77 1104 1314">
    <p class='ocr_par' dir='ltr' id='par_1_2' title="bbox 171 77 1102 573">
     <span class='ocr_line' id='line_1_2' title="bbox 172 77 1098 101; baseline 0 -7"><span class='ocrx_word' id='word_1_6' title='bbox 172 77 200 95; x_wconf 89' lang='lat' dir='ltr'>vel</span> <span class='ocrx_word' id='word_1_7' title='bbox 211 77 301 101; x_wconf 89' lang='lat' dir='ltr'>supplicio</span> <span class='ocrx_word' id='word_1_8' title='bbox 311 77 424 95; x_wconf 82' lang='lat' dir='ltr'>afficiendus.</span> <span class='ocrx_word' id='word_1_9' title='bbox 438 78 483 95; x_wconf 87' lang='lat' dir='ltr'>Cum</span> <span class='ocrx_word' id='word_1_10' title='bbox 496 78 551 101; x_wconf 85' lang='lat' dir='ltr'>igitur</span> <span class='ocrx_word' id='word_1_11' title='bbox 564 78 611 95; x_wconf 81' lang='lat' dir='ltr'>inter</span> <span class='ocrx_word' id='word_1_12' title='bbox 623 84 656 95; x_wconf 88' lang='lat' dir='ltr'>nos</span> <span class='ocrx_word' id='word_1_13' title='bbox 669 84 691 95; x_wconf 82' lang='lat' dir='ltr'>ex</span> <span class='ocrx_word' id='word_1_14' title='bbox 702 84 735 95; x_wconf 90' lang='lat' dir='ltr'>una</span> <span class='ocrx_word' id='word_1_15' title='bbox 745 81 795 101; x_wconf 85' lang='lat' dir='ltr'>parte</span> <span class='ocrx_word' id='word_1_16' title='bbox 806 81 823 94; x_wconf 87' lang='lat' dir='ltr'>et</span> <span class='ocrx_word' id='word_1_17' title='bbox 833 78 980 101; x_wconf 79' lang='lat' dir='ltr'>pergamenarios</span> <span class='ocrx_word' id='word_1_18' title='bbox 990 78 1068 95; x_wconf 84' lang='lat' dir='ltr'>Parisius</span> <span class='ocrx_word' id='word_1_19' title='bbox 1078 84 1098 95; x_wconf 81' lang='lat' dir='ltr'>ex</span> 
     </span>
     <span class='ocr_line' id='line_1_3' title="bbox 172 111 1098 135; baseline 0 -7"><span class='ocrx_word' id='word_1_20' title='bbox 172 111 234 133; x_wconf 71' lang='lat' dir='ltr'>altera,</span> <span class='ocrx_word' id='word_1_21' title='bbox 241 111 311 134; x_wconf 87' lang='lat' dir='ltr'>jamdiu</span> <span class='ocrx_word' id='word_1_22' title='bbox 322 114 356 133; x_wconf 80' lang='lat' dir='ltr'>est,</span> <span class='ocrx_word' id='word_1_23' title='bbox 367 114 406 128; x_wconf 87' lang='lat' dir='ltr'>orta</span> <span class='ocrx_word' id='word_1_24' title='bbox 416 111 481 128; x_wconf 72' lang='lat' dir='ltr'>fuisset</span> <span class='ocrx_word' id='word_1_25' title='bbox 491 111 583 129; x_wconf 75' lang='lat' dir='ltr'>dissensio</span> <span class='ocrx_word' id='word_1_26' title='bbox 593 117 648 134; x_wconf 89' lang='lat' dir='ltr'>super</span> <span class='ocrx_word' id='word_1_27' title='bbox 660 117 682 128; x_wconf 92' lang='lat' dir='ltr'>eo</span> <span class='ocrx_word' id='word_1_28' title='bbox 694 111 779 128; x_wconf 87' lang='lat' dir='ltr'>videlicet</span> <span class='ocrx_word' id='word_1_29' title='bbox 788 111 837 134; x_wconf 83' lang='lat' dir='ltr'>quod</span> <span class='ocrx_word' id='word_1_30' title='bbox 848 111 882 134; x_wconf 88' lang='lat' dir='ltr'>ipsi</span> <span class='ocrx_word' id='word_1_31' title='bbox 895 111 1027 135; x_wconf 79' lang='lat' dir='ltr'>pergamenarii</span> <span class='ocrx_word' id='word_1_32' title='bbox 1037 111 1098 129; x_wconf 80' lang='lat' dir='ltr'>multas</span> 
     </span>
     <span class='ocr_line' id='line_1_4' title="bbox 172 144 1098 168; baseline 0 -6"><span class='ocrx_word' id='word_1_33' title='bbox 172 145 245 162; x_wconf 87' lang='lat' dir='ltr'>fraudes</span> <span class='ocrx_word' id='word_1_34' title='bbox 259 148 277 162; x_wconf 91' lang='lat' dir='ltr'>et</span> <span class='ocrx_word' id='word_1_35' title='bbox 289 145 431 168; x_wconf 84' lang='lat' dir='ltr'>quamplurimas</span> <span class='ocrx_word' id='word_1_36' title='bbox 444 144 523 162; x_wconf 75' lang='lat' dir='ltr'>malicias</span> <span class='ocrx_word' id='word_1_37' title='bbox 535 145 553 162; x_wconf 88' lang='lat' dir='ltr'>in</span> <span class='ocrx_word' id='word_1_38' title='bbox 569 144 646 162; x_wconf 86' lang='lat' dir='ltr'>eruendo</span> <span class='ocrx_word' id='word_1_39' title='bbox 658 148 675 162; x_wconf 96' lang='lat' dir='ltr'>et</span> <span class='ocrx_word' id='word_1_40' title='bbox 687 144 783 162; x_wconf 85' lang='lat' dir='ltr'>vendendo</span> <span class='ocrx_word' id='word_1_41' title='bbox 796 150 924 168; x_wconf 86' lang='lat' dir='ltr'>pergamenum</span> <span class='ocrx_word' id='word_1_42' title='bbox 936 144 1070 162; x_wconf 66' lang='lat' dir='ltr'>committebant</span> <span class='ocrx_word' id='word_1_43' title='bbox 1082 145 1098 162; x_wconf 89' lang='lat' dir='ltr'>in</span> 
     </span>
     <span class='ocr_line' id='line_1_5' title="bbox 173 178 1098 202; baseline -0.001 -6"><span class='ocrx_word' id='word_1_44' title='bbox 173 179 301 196; x_wconf 82' lang='lat' dir='ltr'>Universitatis</span> <span class='ocrx_word' id='word_1_45' title='bbox 319 182 336 196; x_wconf 80' lang='lat' dir='ltr'>et</span> <span class='ocrx_word' id='word_1_46' title='bbox 353 178 453 201; x_wconf 78' lang='lat' dir='ltr'>reipublice</span> <span class='ocrx_word' id='word_1_47' title='bbox 470 178 589 202; x_wconf 75' lang='lat' dir='ltr'>prejudicium</span> <span class='ocrx_word' id='word_1_48' title='bbox 607 181 625 195; x_wconf 91' lang='lat' dir='ltr'>et</span> <span class='ocrx_word' id='word_1_49' title='bbox 641 184 744 201; x_wconf 66' lang='lat' dir='ltr'>gravamen,</span> <span class='ocrx_word' id='word_1_50' title='bbox 759 178 801 195; x_wconf 90' lang='lat' dir='ltr'>ideo</span> <span class='ocrx_word' id='word_1_51' title='bbox 818 182 860 195; x_wconf 88' lang='lat' dir='ltr'>tunc</span> <span class='ocrx_word' id='word_1_52' title='bbox 874 178 961 202; x_wconf 81' lang='lat' dir='ltr'>temporis</span> <span class='ocrx_word' id='word_1_53' title='bbox 977 178 1053 196; x_wconf 76' lang='lat' dir='ltr'>fecimus</span> <span class='ocrx_word' id='word_1_54' title='bbox 1069 184 1098 196; x_wconf 89' lang='lat' dir='ltr'>eos</span> 
     </span>
     <span class='ocr_line' id='line_1_6' title="bbox 171 211 1099 236; baseline 0 -7"><span class='ocrx_word' id='word_1_55' title='bbox 171 213 233 235; x_wconf 88' lang='lat' dir='ltr'>jurare</span> <span class='ocrx_word' id='word_1_56' title='bbox 250 212 299 236; x_wconf 87' lang='lat' dir='ltr'>quod</span> <span class='ocrx_word' id='word_1_57' title='bbox 316 212 352 235; x_wconf 88' lang='lat' dir='ltr'>ipsi</span> <span class='ocrx_word' id='word_1_58' title='bbox 367 212 385 229; x_wconf 90' lang='lat' dir='ltr'>in</span> <span class='ocrx_word' id='word_1_59' title='bbox 401 212 478 229; x_wconf 92' lang='lat' dir='ltr'>emendo</span> <span class='ocrx_word' id='word_1_60' title='bbox 496 215 513 228; x_wconf 90' lang='lat' dir='ltr'>et</span> <span class='ocrx_word' id='word_1_61' title='bbox 528 211 625 229; x_wconf 81' lang='lat' dir='ltr'>vendendo</span> <span class='ocrx_word' id='word_1_62' title='bbox 640 212 698 229; x_wconf 90' lang='lat' dir='ltr'>nullas</span> <span class='ocrx_word' id='word_1_63' title='bbox 715 212 787 229; x_wconf 88' lang='lat' dir='ltr'>fraudes</span> <span class='ocrx_word' id='word_1_64' title='bbox 802 212 941 233; x_wconf 73' lang='lat' dir='ltr'>committerent,</span> <span class='ocrx_word' id='word_1_65' title='bbox 956 212 1011 229; x_wconf 89' lang='lat' dir='ltr'>immo</span> <span class='ocrx_word' id='word_1_66' title='bbox 1025 212 1099 229; x_wconf 79' lang='lat' dir='ltr'>fideliter</span> 
     </span>
     <span class='ocr_line' id='line_1_7' title="bbox 173 245 1099 269; baseline 0 -6"><span class='ocrx_word' id='word_1_67' title='bbox 173 249 254 264; x_wconf 80' lang='lat' dir='ltr'>emerent</span> <span class='ocrx_word' id='word_1_68' title='bbox 265 249 282 264; x_wconf 83' lang='lat' dir='ltr'>et</span> <span class='ocrx_word' id='word_1_69' title='bbox 292 245 371 263; x_wconf 83' lang='lat' dir='ltr'>fideliter</span> <span class='ocrx_word' id='word_1_70' title='bbox 381 245 487 263; x_wconf 85' lang='lat' dir='ltr'>venderent.</span> <span class='ocrx_word' id='word_1_71' title='bbox 498 245 551 268; x_wconf 88' lang='lat' dir='ltr'>Quod</span> <span class='ocrx_word' id='word_1_72' title='bbox 562 249 626 267; x_wconf 68' lang='lat' dir='ltr'>tamen,</span> <span class='ocrx_word' id='word_1_73' title='bbox 638 248 692 269; x_wconf 80' lang='lat' dir='ltr'>prout</span> <span class='ocrx_word' id='word_1_74' title='bbox 703 249 731 263; x_wconf 77' lang='lat' dir='ltr'>est</span> <span class='ocrx_word' id='word_1_75' title='bbox 743 245 765 263; x_wconf 84' lang='lat' dir='ltr'>de</span> <span class='ocrx_word' id='word_1_76' title='bbox 779 252 826 263; x_wconf 83' lang='lat' dir='ltr'>novo</span> <span class='ocrx_word' id='word_1_77' title='bbox 836 245 942 269; x_wconf 75' lang='lat' dir='ltr'>conpertum</span> <span class='ocrx_word' id='word_1_78' title='bbox 952 251 985 269; x_wconf 84' lang='lat' dir='ltr'>per</span> <span class='ocrx_word' id='word_1_79' title='bbox 995 246 1099 269; x_wconf 82' lang='lat' dir='ltr'>inquestam,</span> 
     </span>
     <span class='ocr_line' id='line_1_8' title="bbox 174 279 1099 303; baseline 0.001 -7"><span class='ocrx_word' id='word_1_80' title='bbox 174 280 223 303; x_wconf 81' lang='lat' dir='ltr'>quod</span> <span class='ocrx_word' id='word_1_81' title='bbox 235 280 339 303; x_wconf 84' lang='lat' dir='ltr'>juramento</span> <span class='ocrx_word' id='word_1_82' title='bbox 354 279 481 303; x_wconf 69' lang='lat' dir='ltr'>promiserant„</span> <span class='ocrx_word' id='word_1_83' title='bbox 497 279 580 303; x_wconf 72' lang='lat' dir='ltr'>legaliter</span> <span class='ocrx_word' id='word_1_84' title='bbox 596 286 632 297; x_wconf 91' lang='lat' dir='ltr'>non</span> <span class='ocrx_word' id='word_1_85' title='bbox 647 283 748 297; x_wconf 87' lang='lat' dir='ltr'>servarunt.</span> <span class='ocrx_word' id='word_1_86' title='bbox 763 280 820 297; x_wconf 89' lang='lat' dir='ltr'>lmmo</span> <span class='ocrx_word' id='word_1_87' title='bbox 836 280 917 297; x_wconf 83' lang='lat' dir='ltr'>fraudem</span> <span class='ocrx_word' id='word_1_88' title='bbox 934 280 999 301; x_wconf 82' lang='lat' dir='ltr'>fraudi,</span> <span class='ocrx_word' id='word_1_89' title='bbox 1016 279 1099 297; x_wconf 74' lang='lat' dir='ltr'>maliciam</span> 
     </span>
     <span class='ocr_line' id='line_1_9' title="bbox 173 313 1099 337; baseline 0.001 -7"><span class='ocrx_word' id='word_1_90' title='bbox 173 313 244 331; x_wconf 83' lang='lat' dir='ltr'>malicie</span> <span class='ocrx_word' id='word_1_91' title='bbox 262 313 375 331; x_wconf 72' lang='lat' dir='ltr'>cumulantes</span> <span class='ocrx_word' id='word_1_92' title='bbox 393 313 411 330; x_wconf 86' lang='lat' dir='ltr'>in</span> <span class='ocrx_word' id='word_1_93' title='bbox 425 313 523 330; x_wconf 88' lang='lat' dir='ltr'>animarum</span> <span class='ocrx_word' id='word_1_94' title='bbox 538 319 610 331; x_wconf 85' lang='lat' dir='ltr'>suarum</span> <span class='ocrx_word' id='word_1_95' title='bbox 625 313 725 336; x_wconf 86' lang='lat' dir='ltr'>periculum</span> <span class='ocrx_word' id='word_1_96' title='bbox 738 317 756 331; x_wconf 89' lang='lat' dir='ltr'>et</span> <span class='ocrx_word' id='word_1_97' title='bbox 770 313 866 331; x_wconf 84' lang='lat' dir='ltr'>multorum</span> <span class='ocrx_word' id='word_1_98' title='bbox 880 313 968 331; x_wconf 83' lang='lat' dir='ltr'>lesionem</span> <span class='ocrx_word' id='word_1_99' title='bbox 984 317 1002 331; x_wconf 89' lang='lat' dir='ltr'>et</span> <span class='ocrx_word' id='word_1_100' title='bbox 1016 314 1099 337; x_wconf 86' lang='lat' dir='ltr'>jacturam</span> 
     </span>
     <span class='ocr_line' id='line_1_10' title="bbox 173 346 1100 371; baseline 0 -7"><span class='ocrx_word' id='word_1_101' title='bbox 173 351 235 364; x_wconf 87' lang='lat' dir='ltr'>contra</span> <span class='ocrx_word' id='word_1_102' title='bbox 250 347 343 370; x_wconf 87' lang='lat' dir='ltr'>proprium</span> <span class='ocrx_word' id='word_1_103' title='bbox 356 347 479 370; x_wconf 86' lang='lat' dir='ltr'>juramentum</span> <span class='ocrx_word' id='word_1_104' title='bbox 493 347 575 364; x_wconf 89' lang='lat' dir='ltr'>faciendo</span> <span class='ocrx_word' id='word_1_105' title='bbox 593 346 716 370; x_wconf 86' lang='lat' dir='ltr'>multipliciter</span> <span class='ocrx_word' id='word_1_106' title='bbox 732 350 865 370; x_wconf 72' lang='lat' dir='ltr'>attemptarunL</span> <span class='ocrx_word' id='word_1_107' title='bbox 881 348 904 364; x_wconf 87' lang='lat' dir='ltr'>Et</span> <span class='ocrx_word' id='word_1_108' title='bbox 917 347 958 370; x_wconf 88' lang='lat' dir='ltr'>quia</span> <span class='ocrx_word' id='word_1_109' title='bbox 973 347 1059 371; x_wconf 90' lang='lat' dir='ltr'>scriptum</span> <span class='ocrx_word' id='word_1_110' title='bbox 1068 351 1100 369; x_wconf 85' lang='lat' dir='ltr'>est,</span> 
     </span>
     <span class='ocr_line' id='line_1_11' title="bbox 174 380 1101 404; baseline 0.001 -7"><span class='ocrx_word' id='word_1_111' title='bbox 174 380 223 404; x_wconf 87' lang='lat' dir='ltr'>quod</span> <span class='ocrx_word' id='word_1_112' title='bbox 233 386 296 404; x_wconf 88' lang='lat' dir='ltr'>parum</span> <span class='ocrx_word' id='word_1_113' title='bbox 309 381 407 404; x_wconf 72' lang='lat' dir='ltr'>prodesset</span> <span class='ocrx_word' id='word_1_114' title='bbox 418 380 518 398; x_wconf 81' lang='lat' dir='ltr'>humilibus</span> <span class='ocrx_word' id='word_1_115' title='bbox 530 380 629 402; x_wconf 70' lang='lat' dir='ltr'>humilitas,</span> <span class='ocrx_word' id='word_1_116' title='bbox 642 381 658 398; x_wconf 83' lang='lat' dir='ltr'>si</span> <span class='ocrx_word' id='word_1_117' title='bbox 670 384 784 404; x_wconf 84' lang='lat' dir='ltr'>contemptus</span> <span class='ocrx_word' id='word_1_118' title='bbox 798 380 935 398; x_wconf 78' lang='lat' dir='ltr'>contumacibus</span> <span class='ocrx_word' id='word_1_119' title='bbox 947 387 984 398; x_wconf 89' lang='lat' dir='ltr'>non</span> <span class='ocrx_word' id='word_1_120' title='bbox 995 381 1072 403; x_wconf 63' lang='lat' dir='ltr'>obesset,</span> <span class='ocrx_word' id='word_1_121' title='bbox 1085 384 1101 398; x_wconf 83' lang='lat' dir='ltr'>et</span> 
     </span>
     <span class='ocr_line' id='line_1_12' title="bbox 173 413 1102 438; baseline 0.001 -7"><span class='ocrx_word' id='word_1_122' title='bbox 173 414 247 431; x_wconf 85' lang='lat' dir='ltr'>crimina</span> <span class='ocrx_word' id='word_1_123' title='bbox 262 415 384 438; x_wconf 86' lang='lat' dir='ltr'>undecunque</span> <span class='ocrx_word' id='word_1_124' title='bbox 398 413 503 436; x_wconf 64' lang='lat' dir='ltr'>claruerint,</span> <span class='ocrx_word' id='word_1_125' title='bbox 517 414 553 432; x_wconf 76' lang='lat' dir='ltr'>sint</span> <span class='ocrx_word' id='word_1_126' title='bbox 567 415 664 438; x_wconf 69' lang='lat' dir='ltr'>punienda,</span> <span class='ocrx_word' id='word_1_127' title='bbox 678 414 733 431; x_wconf 87' lang='lat' dir='ltr'>immo</span> <span class='ocrx_word' id='word_1_128' title='bbox 745 418 815 431; x_wconf 88' lang='lat' dir='ltr'>certum</span> <span class='ocrx_word' id='word_1_129' title='bbox 831 415 861 436; x_wconf 63' lang='lat' dir='ltr'>sit,</span> <span class='ocrx_word' id='word_1_130' title='bbox 874 415 923 438; x_wconf 83' lang='lat' dir='ltr'>quod</span> <span class='ocrx_word' id='word_1_131' title='bbox 936 421 973 432; x_wconf 88' lang='lat' dir='ltr'>non</span> <span class='ocrx_word' id='word_1_132' title='bbox 989 418 1038 432; x_wconf 87' lang='lat' dir='ltr'>caret</span> <span class='ocrx_word' id='word_1_133' title='bbox 1054 421 1102 432; x_wconf 80' lang='lat' dir='ltr'>scru-</span> 
     </span>
     <span class='ocr_line' id='line_1_13' title="bbox 174 448 1102 471; baseline 0 -6"><span class='ocrx_word' id='word_1_134' title='bbox 174 448 216 471; x_wconf 85' lang='lat' dir='ltr'>pulo</span> <span class='ocrx_word' id='word_1_135' title='bbox 230 448 323 466; x_wconf 84' lang='lat' dir='ltr'>societatis</span> <span class='ocrx_word' id='word_1_136' title='bbox 335 448 414 469; x_wconf 85' lang='lat' dir='ltr'>occulte,</span> <span class='ocrx_word' id='word_1_137' title='bbox 428 448 458 471; x_wconf 81' lang='lat' dir='ltr'>qui</span> <span class='ocrx_word' id='word_1_138' title='bbox 471 448 567 465; x_wconf 88' lang='lat' dir='ltr'>manifesto</span> <span class='ocrx_word' id='word_1_139' title='bbox 579 448 654 465; x_wconf 76' lang='lat' dir='ltr'>facinori</span> <span class='ocrx_word' id='word_1_140' title='bbox 667 448 734 465; x_wconf 78' lang='lat' dir='ltr'>desinit</span> <span class='ocrx_word' id='word_1_141' title='bbox 747 448 820 465; x_wconf 90' lang='lat' dir='ltr'>obviare</span> <span class='ocrx_word' id='word_1_142' title='bbox 832 454 836 465; x_wconf 80' lang='lat' dir='ltr'>z</span> <span class='ocrx_word' id='word_1_143' title='bbox 847 448 888 465; x_wconf 88' lang='lat' dir='ltr'>ideo</span> <span class='ocrx_word' id='word_1_144' title='bbox 901 455 935 466; x_wconf 85' lang='lat' dir='ltr'>nos</span> <span class='ocrx_word' id='word_1_145' title='bbox 947 448 1030 466; x_wconf 82' lang='lat' dir='ltr'>volentes</span> <span class='ocrx_word' id='word_1_146' title='bbox 1042 455 1102 466; x_wconf 85' lang='lat' dir='ltr'>eorum</span> 
     </span>
     <span class='ocr_line' id='line_1_14' title="bbox 173 482 1102 505; baseline 0 -6"><span class='ocrx_word' id='word_1_147' title='bbox 173 485 199 499; x_wconf 88' lang='lat' dir='ltr'>tot</span> <span class='ocrx_word' id='word_1_148' title='bbox 214 482 304 499; x_wconf 84' lang='lat' dir='ltr'>versuciis</span> <span class='ocrx_word' id='word_1_149' title='bbox 319 485 337 499; x_wconf 89' lang='lat' dir='ltr'>et</span> <span class='ocrx_word' id='word_1_150' title='bbox 355 482 409 499; x_wconf 88' lang='lat' dir='ltr'>tantis</span> <span class='ocrx_word' id='word_1_151' title='bbox 423 485 509 505; x_wconf 89' lang='lat' dir='ltr'>quantum</span> <span class='ocrx_word' id='word_1_152' title='bbox 525 488 623 505; x_wconf 84' lang='lat' dir='ltr'>possumus</span> <span class='ocrx_word' id='word_1_153' title='bbox 637 482 719 504; x_wconf 69' lang='lat' dir='ltr'>obviare,</span> <span class='ocrx_word' id='word_1_154' title='bbox 733 482 822 505; x_wconf 74' lang='lat' dir='ltr'>quosdam</span> <span class='ocrx_word' id='word_1_155' title='bbox 837 482 923 499; x_wconf 78' lang='lat' dir='ltr'>articulos</span> <span class='ocrx_word' id='word_1_156' title='bbox 937 482 1013 499; x_wconf 78' lang='lat' dir='ltr'>fecimus</span> <span class='ocrx_word' id='word_1_157' title='bbox 1030 482 1102 500; x_wconf 87' lang='lat' dir='ltr'>utilitate</span> 
     </span>
     <span class='ocr_line' id='line_1_15' title="bbox 173 515 1102 539; baseline 0 -6"><span class='ocrx_word' id='word_1_158' title='bbox 173 516 302 533; x_wconf 86' lang='lat' dir='ltr'>Universitatis</span> <span class='ocrx_word' id='word_1_159' title='bbox 312 520 393 539; x_wconf 64' lang='lat' dir='ltr'>pensata,</span> <span class='ocrx_word' id='word_1_160' title='bbox 405 522 451 539; x_wconf 90' lang='lat' dir='ltr'>quos</span> <span class='ocrx_word' id='word_1_161' title='bbox 461 516 489 533; x_wconf 88' lang='lat' dir='ltr'>eis</span> <span class='ocrx_word' id='word_1_162' title='bbox 499 515 549 539; x_wconf 87' lang='lat' dir='ltr'>prius</span> <span class='ocrx_word' id='word_1_163' title='bbox 560 515 578 532; x_wconf 91' lang='lat' dir='ltr'>in</span> <span class='ocrx_word' id='word_1_164' title='bbox 589 517 669 533; x_wconf 80' lang='lat' dir='ltr'>Romano</span> <span class='ocrx_word' id='word_1_165' title='bbox 680 522 712 533; x_wconf 82' lang='lat' dir='ltr'>seu</span> <span class='ocrx_word' id='word_1_166' title='bbox 723 515 803 533; x_wconf 85' lang='lat' dir='ltr'>Gallico¹</span> <span class='ocrx_word' id='word_1_167' title='bbox 818 521 915 539; x_wconf 87' lang='lat' dir='ltr'>expressos</span> <span class='ocrx_word' id='word_1_168' title='bbox 926 516 988 539; x_wconf 89' lang='lat' dir='ltr'>jurare</span> <span class='ocrx_word' id='word_1_169' title='bbox 1001 516 1075 533; x_wconf 80' lang='lat' dir='ltr'>fecimus</span> <span class='ocrx_word' id='word_1_170' title='bbox 1086 517 1102 533; x_wconf 92' lang='lat' dir='ltr'>in</span> 
     </span>
     <span class='ocr_line' id='line_1_16' title="bbox 173 553 242 573; baseline -0.014 -6"><span class='ocrx_word' id='word_1_171' title='bbox 173 553 242 573; x_wconf 83' lang='lat' dir='ltr'>aperto.</span> 
     </span>
    </p>

    <p class='ocr_par' dir='ltr' id='par_1_3' title="bbox 172 583 1102 641">
     <span class='ocr_line' id='line_1_17' title="bbox 217 583 1102 607; baseline 0 -7"><span class='ocrx_word' id='word_1_172' title='bbox 217 583 289 601; x_wconf 79' lang='lat' dir='ltr'>Primus</span> <span class='ocrx_word' id='word_1_173' title='bbox 299 583 387 601; x_wconf 80' lang='lat' dir='ltr'>articulus</span> <span class='ocrx_word' id='word_1_174' title='bbox 397 587 432 604; x_wconf 79' lang='lat' dir='ltr'>est,</span> <span class='ocrx_word' id='word_1_175' title='bbox 442 583 491 606; x_wconf 85' lang='lat' dir='ltr'>quod</span> <span class='ocrx_word' id='word_1_176' title='bbox 502 584 545 601; x_wconf 86' lang='lat' dir='ltr'>dicti</span> <span class='ocrx_word' id='word_1_177' title='bbox 555 584 688 607; x_wconf 86' lang='lat' dir='ltr'>pergamenarii</span> <span class='ocrx_word' id='word_1_178' title='bbox 699 583 758 601; x_wconf 81' lang='lat' dir='ltr'>nullas</span> <span class='ocrx_word' id='word_1_179' title='bbox 768 584 913 607; x_wconf 80' lang='lat' dir='ltr'>conspirationes</span> <span class='ocrx_word' id='word_1_180' title='bbox 923 583 989 601; x_wconf 84' lang='lat' dir='ltr'>facient</span> <span class='ocrx_word' id='word_1_181' title='bbox 999 584 1017 600; x_wconf 92' lang='lat' dir='ltr'>in</span> <span class='ocrx_word' id='word_1_182' title='bbox 1028 584 1102 607; x_wconf 84' lang='lat' dir='ltr'>prejudi-</span> 
     </span>
     <span class='ocr_line' id='line_1_18' title="bbox 172 617 1071 641; baseline 0 -7"><span class='ocrx_word' id='word_1_183' title='bbox 172 617 219 634; x_wconf 89' lang='lat' dir='ltr'>cium</span> <span class='ocrx_word' id='word_1_184' title='bbox 230 617 360 641; x_wconf 80' lang='lat' dir='ltr'>magistrorum</span> <span class='ocrx_word' id='word_1_185' title='bbox 370 620 388 634; x_wconf 88' lang='lat' dir='ltr'>et</span> <span class='ocrx_word' id='word_1_186' title='bbox 398 617 495 634; x_wconf 88' lang='lat' dir='ltr'>scolarium</span> <span class='ocrx_word' id='word_1_187' title='bbox 506 620 523 634; x_wconf 86' lang='lat' dir='ltr'>et</span> <span class='ocrx_word' id='word_1_188' title='bbox 533 623 637 641; x_wconf 75' lang='lat' dir='ltr'>gravamen,</span> <span class='ocrx_word' id='word_1_189' title='bbox 648 621 666 634; x_wconf 92' lang='lat' dir='ltr'>et</span> <span class='ocrx_word' id='word_1_190' title='bbox 676 617 757 640; x_wconf 89' lang='lat' dir='ltr'>ipsorum</span> <span class='ocrx_word' id='word_1_191' title='bbox 768 617 945 641; x_wconf 81' lang='lat' dir='ltr'>pergamenariornm</span> <span class='ocrx_word' id='word_1_192' title='bbox 956 617 979 634; x_wconf 83' lang='lat' dir='ltr'>ad</span> <span class='ocrx_word' id='word_1_193' title='bbox 989 617 1071 635; x_wconf 63' lang='lat' dir='ltr'>invicem⁴</span> 
     </span>
    </p>

    <p class='ocr_par' dir='ltr' id='par_1_4' title="bbox 217 650 1029 674">
     <span class='ocr_line' id='line_1_19' title="bbox 217 650 1029 674; baseline 0.001 -7"><span class='ocrx_word' id='word_1_194' title='bbox 217 651 262 668; x_wconf 87' lang='lat' dir='ltr'>Item</span> <span class='ocrx_word' id='word_1_195' title='bbox 273 651 322 674; x_wconf 81' lang='lat' dir='ltr'>quod</span> <span class='ocrx_word' id='word_1_196' title='bbox 332 650 368 674; x_wconf 82' lang='lat' dir='ltr'>ipsi</span> <span class='ocrx_word' id='word_1_197' title='bbox 379 650 414 667; x_wconf 88' lang='lat' dir='ltr'>sibi</span> <span class='ocrx_word' id='word_1_198' title='bbox 424 650 447 667; x_wconf 93' lang='lat' dir='ltr'>ad</span> <span class='ocrx_word' id='word_1_199' title='bbox 457 651 534 668; x_wconf 88' lang='lat' dir='ltr'>invicem</span> <span class='ocrx_word' id='word_1_200' title='bbox 544 650 649 668; x_wconf 81' lang='lat' dir='ltr'>fidelitatem</span> <span class='ocrx_word' id='word_1_201' title='bbox 660 654 679 668; x_wconf 89' lang='lat' dir='ltr'>et</span> <span class='ocrx_word' id='word_1_202' title='bbox 689 650 799 674; x_wconf 82' lang='lat' dir='ltr'>legalitatem</span> <span class='ocrx_word' id='word_1_203' title='bbox 810 650 828 667; x_wconf 93' lang='lat' dir='ltr'>in</span> <span class='ocrx_word' id='word_1_204' title='bbox 838 651 915 668; x_wconf 79' lang='lat' dir='ltr'>emendo</span> <span class='ocrx_word' id='word_1_205' title='bbox 925 650 1029 668; x_wconf 82' lang='lat' dir='ltr'>servabunt.</span> 
     </span>
    </p>

    <p class='ocr_par' dir='ltr' id='par_1_5' title="bbox 174 684 1104 741">
     <span class='ocr_line' id='line_1_20' title="bbox 217 684 1104 708; baseline 0 -7"><span class='ocrx_word' id='word_1_206' title='bbox 217 685 261 701; x_wconf 84' lang='lat' dir='ltr'>Item</span> <span class='ocrx_word' id='word_1_207' title='bbox 275 684 324 707; x_wconf 89' lang='lat' dir='ltr'>quod</span> <span class='ocrx_word' id='word_1_208' title='bbox 338 684 391 701; x_wconf 92' lang='lat' dir='ltr'>dictis</span> <span class='ocrx_word' id='word_1_209' title='bbox 405 684 498 708; x_wconf 73' lang='lat' dir='ltr'>magistris</span> <span class='ocrx_word' id='word_1_210' title='bbox 511 688 528 701; x_wconf 91' lang='lat' dir='ltr'>et</span> <span class='ocrx_word' id='word_1_211' title='bbox 542 684 643 701; x_wconf 87' lang='lat' dir='ltr'>scolaribus</span> <span class='ocrx_word' id='word_1_212' title='bbox 656 684 736 702; x_wconf 88' lang='lat' dir='ltr'>vendent</span> <span class='ocrx_word' id='word_1_213' title='bbox 748 684 831 708; x_wconf 81' lang='lat' dir='ltr'>legaliter</span> <span class='ocrx_word' id='word_1_214' title='bbox 844 684 883 701; x_wconf 87' lang='lat' dir='ltr'>sine</span> <span class='ocrx_word' id='word_1_215' title='bbox 895 685 965 706; x_wconf 80' lang='lat' dir='ltr'>fraude,</span> <span class='ocrx_word' id='word_1_216' title='bbox 977 690 1011 701; x_wconf 91' lang='lat' dir='ltr'>nec</span> <span class='ocrx_word' id='word_1_217' title='bbox 1023 684 1104 702; x_wconf 78' lang='lat' dir='ltr'>celabunt</span> 
     </span>
     <span class='ocr_line' id='line_1_21' title="bbox 174 718 601 741; baseline 0 -6"><span class='ocrx_word' id='word_1_218' title='bbox 174 724 305 741; x_wconf 84' lang='lat' dir='ltr'>pergamenum</span> <span class='ocrx_word' id='word_1_219' title='bbox 316 718 384 735; x_wconf 81' lang='lat' dir='ltr'>honum</span> <span class='ocrx_word' id='word_1_220' title='bbox 395 718 410 735; x_wconf 82' lang='lat' dir='ltr'>si</span> <span class='ocrx_word' id='word_1_221' title='bbox 420 718 499 735; x_wconf 83' lang='lat' dir='ltr'>habeant</span> <span class='ocrx_word' id='word_1_222' title='bbox 508 724 565 741; x_wconf 88' lang='lat' dir='ltr'>penes</span> <span class='ocrx_word' id='word_1_223' title='bbox 575 724 601 735; x_wconf 37' lang='lat' dir='ltr'>set</span> 
     </span>
    </p>

    <p class='ocr_par' dir='ltr' id='par_1_6' title="bbox 173 752 1103 843">
     <span class='ocr_line' id='line_1_22' title="bbox 217 752 1103 776; baseline 0 -6"><span class='ocrx_word' id='word_1_224' title='bbox 217 753 261 770; x_wconf 79' lang='lat' dir='ltr'>Item</span> <span class='ocrx_word' id='word_1_225' title='bbox 271 752 321 776; x_wconf 82' lang='lat' dir='ltr'>quod</span> <span class='ocrx_word' id='word_1_226' title='bbox 332 758 368 770; x_wconf 88' lang='lat' dir='ltr'>non</span> <span class='ocrx_word' id='word_1_227' title='bbox 379 756 475 770; x_wconf 81' lang='lat' dir='ltr'>occurrant</span> <span class='ocrx_word' id='word_1_228' title='bbox 485 752 617 770; x_wconf 76' lang='lat' dir='ltr'>mercatoribus</span> <span class='ocrx_word' id='word_1_229' title='bbox 627 755 677 770; x_wconf 81' lang='lat' dir='ltr'>extra</span> <span class='ocrx_word' id='word_1_230' title='bbox 689 752 779 770; x_wconf 83' lang='lat' dir='ltr'>nundinas</span> <span class='ocrx_word' id='word_1_231' title='bbox 791 752 814 770; x_wconf 86' lang='lat' dir='ltr'>ad</span> <span class='ocrx_word' id='word_1_232' title='bbox 828 752 924 770; x_wconf 82' lang='lat' dir='ltr'>emendum</span> <span class='ocrx_word' id='word_1_233' title='bbox 935 758 1063 776; x_wconf 79' lang='lat' dir='ltr'>pergamenum</span> <span class='ocrx_word' id='word_1_234' title='bbox 1073 758 1103 776; x_wconf 84' lang='lat' dir='ltr'>per</span> 
     </span>
     <span class='ocr_line' id='line_1_23' title="bbox 173 786 1103 810; baseline 0 -7"><span class='ocrx_word' id='word_1_235' title='bbox 173 792 193 803; x_wconf 85' lang='lat' dir='ltr'>se</span> <span class='ocrx_word' id='word_1_236' title='bbox 205 792 238 803; x_wconf 87' lang='lat' dir='ltr'>nec</span> <span class='ocrx_word' id='word_1_237' title='bbox 250 792 282 809; x_wconf 89' lang='lat' dir='ltr'>per</span> <span class='ocrx_word' id='word_1_238' title='bbox 293 786 339 803; x_wconf 89' lang='lat' dir='ltr'>alios</span> <span class='ocrx_word' id='word_1_239' title='bbox 351 792 355 803; x_wconf 69' lang='grc' dir='ltr'><em>ι</em></span> <span class='ocrx_word' id='word_1_240' title='bbox 368 789 386 803; x_wconf 88' lang='lat' dir='ltr'>et</span> <span class='ocrx_word' id='word_1_241' title='bbox 397 786 446 809; x_wconf 88' lang='lat' dir='ltr'>quod</span> <span class='ocrx_word' id='word_1_242' title='bbox 457 792 494 803; x_wconf 94' lang='lat' dir='ltr'>non</span> <span class='ocrx_word' id='word_1_243' title='bbox 506 790 566 803; x_wconf 87' lang='lat' dir='ltr'>emant</span> <span class='ocrx_word' id='word_1_244' title='bbox 576 792 706 810; x_wconf 79' lang='lat' dir='ltr'>pergamenum</span> <span class='ocrx_word' id='word_1_245' title='bbox 718 786 736 803; x_wconf 93' lang='lat' dir='ltr'>in</span> <span class='ocrx_word' id='word_1_246' title='bbox 747 786 827 809; x_wconf 86' lang='lat' dir='ltr'>pellibus</span> <span class='ocrx_word' id='word_1_247' title='bbox 839 792 871 809; x_wconf 87' lang='lat' dir='ltr'>pro</span> <span class='ocrx_word' id='word_1_248' title='bbox 882 786 935 803; x_wconf 81' lang='lat' dir='ltr'>annis</span> <span class='ocrx_word' id='word_1_249' title='bbox 945 786 1012 803; x_wconf 81' lang='lat' dir='ltr'>futuris</span> <span class='ocrx_word' id='word_1_250' title='bbox 1023 786 1044 804; x_wconf 82' lang='lat' dir='ltr'>ad</span> <span class='ocrx_word' id='word_1_251' title='bbox 1056 793 1103 804; x_wconf 82' lang='lat' dir='ltr'>suam</span> 
     </span>
     <span class='ocr_line' id='line_1_24' title="bbox 173 819 770 843; baseline 0 -6"><span class='ocrx_word' id='word_1_252' title='bbox 173 820 287 843; x_wconf 83' lang='lat' dir='ltr'>placentiam,</span> <span class='ocrx_word' id='word_1_253' title='bbox 299 823 317 837; x_wconf 90' lang='lat' dir='ltr'>et</span> <span class='ocrx_word' id='word_1_254' title='bbox 327 820 377 843; x_wconf 82' lang='lat' dir='ltr'>quod</span> <span class='ocrx_word' id='word_1_255' title='bbox 388 820 445 837; x_wconf 87' lang='lat' dir='ltr'>nichil</span> <span class='ocrx_word' id='word_1_256' title='bbox 455 823 516 837; x_wconf 87' lang='lat' dir='ltr'>emant</span> <span class='ocrx_word' id='word_1_257' title='bbox 526 826 566 837; x_wconf 83' lang='lat' dir='ltr'>cum</span> <span class='ocrx_word' id='word_1_258' title='bbox 577 820 651 837; x_wconf 82' lang='lat' dir='ltr'>candela</span> <span class='ocrx_word' id='word_1_259' title='bbox 663 820 682 837; x_wconf 90' lang='lat' dir='ltr'>in</span> <span class='ocrx_word' id='word_1_260' title='bbox 693 819 770 837; x_wconf 82' lang='lat' dir='ltr'>occulto.</span> 
     </span>
    </p>

    <p class='ocr_par' dir='ltr' id='par_1_7' title="bbox 173 853 1103 944">
     <span class='ocr_line' id='line_1_25' title="bbox 218 853 1103 877; baseline 0.001 -7"><span class='ocrx_word' id='word_1_261' title='bbox 218 854 262 871; x_wconf 88' lang='lat' dir='ltr'>Item</span> <span class='ocrx_word' id='word_1_262' title='bbox 274 853 323 877; x_wconf 85' lang='lat' dir='ltr'>quod</span> <span class='ocrx_word' id='word_1_263' title='bbox 336 859 377 870; x_wconf 91' lang='lat' dir='ltr'>cum</span> <span class='ocrx_word' id='word_1_264' title='bbox 390 853 522 871; x_wconf 81' lang='lat' dir='ltr'>mercatoribus</span> <span class='ocrx_word' id='word_1_265' title='bbox 533 853 613 870; x_wconf 80' lang='lat' dir='ltr'>soraneis</span> <span class='ocrx_word' id='word_1_266' title='bbox 626 856 707 877; x_wconf 86' lang='lat' dir='ltr'>tempore</span> <span class='ocrx_word' id='word_1_267' title='bbox 718 853 840 871; x_wconf 83' lang='lat' dir='ltr'>nundinarum</span> <span class='ocrx_word' id='word_1_268' title='bbox 852 853 881 871; x_wconf 92' lang='lat' dir='ltr'>vel</span> <span class='ocrx_word' id='word_1_269' title='bbox 894 859 1002 877; x_wconf 84' lang='lat' dir='ltr'>quocunque</span> <span class='ocrx_word' id='word_1_270' title='bbox 1015 853 1049 871; x_wconf 84' lang='lat' dir='ltr'>alio</span> <span class='ocrx_word' id='word_1_271' title='bbox 1062 857 1103 871; x_wconf 84' lang='lat' dir='ltr'>tem-</span> 
     </span>
     <span class='ocr_line' id='line_1_26' title="bbox 173 886 1103 911; baseline 0 -7"><span class='ocrx_word' id='word_1_272' title='bbox 173 893 217 911; x_wconf 87' lang='lat' dir='ltr'>pore</span> <span class='ocrx_word' id='word_1_273' title='bbox 230 887 296 904; x_wconf 82' lang='lat' dir='ltr'>nullam</span> <span class='ocrx_word' id='word_1_274' title='bbox 310 886 450 904; x_wconf 83' lang='lat' dir='ltr'>conventionem</span> <span class='ocrx_word' id='word_1_275' title='bbox 463 887 530 904; x_wconf 85' lang='lat' dir='ltr'>facient</span> <span class='ocrx_word' id='word_1_276' title='bbox 542 887 644 904; x_wconf 85' lang='lat' dir='ltr'>ordinando</span> <span class='ocrx_word' id='word_1_277' title='bbox 656 887 685 904; x_wconf 91' lang='lat' dir='ltr'>vel</span> <span class='ocrx_word' id='word_1_278' title='bbox 697 887 772 904; x_wconf 82' lang='lat' dir='ltr'>taxando</span> <span class='ocrx_word' id='word_1_279' title='bbox 783 893 824 904; x_wconf 88' lang='lat' dir='ltr'>cum</span> <span class='ocrx_word' id='word_1_280' title='bbox 836 887 881 910; x_wconf 82' lang='lat' dir='ltr'>ipsis</span> <span class='ocrx_word' id='word_1_281' title='bbox 893 887 915 904; x_wconf 88' lang='lat' dir='ltr'>de</span> <span class='ocrx_word' id='word_1_282' title='bbox 926 887 985 911; x_wconf 83' lang='lat' dir='ltr'>pretio</span> <span class='ocrx_word' id='word_1_283' title='bbox 996 888 1103 911; x_wconf 85' lang='lat' dir='ltr'>imponendo</span> 
     </span>
     <span class='ocr_line' id='line_1_27' title="bbox 173 927 290 944; baseline 0 -6"><span class='ocrx_word' id='word_1_284' title='bbox 173 927 290 944; x_wconf 69' lang='lat' dir='ltr'>pergameno,</span> 
     </span>
    </p>

    <p class='ocr_par' dir='ltr' id='par_1_8' title="bbox 173 954 1103 1006">
     <span class='ocr_line' id='line_1_28' title="bbox 218 954 1103 978; baseline 0 -6"><span class='ocrx_word' id='word_1_285' title='bbox 218 956 262 972; x_wconf 83' lang='lat' dir='ltr'>Item</span> <span class='ocrx_word' id='word_1_286' title='bbox 273 955 323 978; x_wconf 81' lang='lat' dir='ltr'>quod</span> <span class='ocrx_word' id='word_1_287' title='bbox 333 960 370 972; x_wconf 90' lang='lat' dir='ltr'>non</span> <span class='ocrx_word' id='word_1_288' title='bbox 381 958 443 972; x_wconf 86' lang='lat' dir='ltr'>ement</span> <span class='ocrx_word' id='word_1_289' title='bbox 452 961 581 978; x_wconf 83' lang='lat' dir='ltr'>pergamenum</span> <span class='ocrx_word' id='word_1_290' title='bbox 592 955 627 972; x_wconf 85' lang='lat' dir='ltr'>nisi</span> <span class='ocrx_word' id='word_1_291' title='bbox 637 954 686 978; x_wconf 82' lang='lat' dir='ltr'>apud</span> <span class='ocrx_word' id='word_1_292' title='bbox 694 955 712 972; x_wconf 88' lang='lat' dir='ltr'>S.</span> <span class='ocrx_word' id='word_1_293' title='bbox 723 955 832 972; x_wconf 84' lang='lat' dir='ltr'>Maturinum</span> <span class='ocrx_word' id='word_1_294' title='bbox 843 955 871 972; x_wconf 87' lang='lat' dir='ltr'>vel</span> <span class='ocrx_word' id='word_1_295' title='bbox 882 955 900 971; x_wconf 90' lang='lat' dir='ltr'>in</span> <span class='ocrx_word' id='word_1_296' title='bbox 910 955 950 972; x_wconf 82' lang='lat' dir='ltr'>loco</span> <span class='ocrx_word' id='word_1_297' title='bbox 961 954 1034 978; x_wconf 83' lang='lat' dir='ltr'>publico</span> <span class='ocrx_word' id='word_1_298' title='bbox 1042 955 1103 972; x_wconf 84' lang='lat' dir='ltr'>nundi-</span> 
     </span>
     <span class='ocr_line' id='line_1_29' title="bbox 173 994 242 1006; baseline 0.014 -1"><span class='ocrx_word' id='word_1_299' title='bbox 173 994 242 1006; x_wconf 80' lang='lat' dir='ltr'>narum.</span> 
     </span>
    </p>

    <p class='ocr_par' dir='ltr' id='par_1_9' title="bbox 173 1022 1104 1182">
     <span class='ocr_line' id='line_1_30' title="bbox 217 1022 1103 1046; baseline 0 -7"><span class='ocrx_word' id='word_1_300' title='bbox 217 1023 261 1039; x_wconf 87' lang='lat' dir='ltr'>Item</span> <span class='ocrx_word' id='word_1_301' title='bbox 274 1023 323 1045; x_wconf 84' lang='lat' dir='ltr'>quod</span> <span class='ocrx_word' id='word_1_302' title='bbox 335 1023 351 1040; x_wconf 84' lang='lat' dir='ltr'>si</span> <span class='ocrx_word' id='word_1_303' title='bbox 362 1022 495 1046; x_wconf 85' lang='lat' dir='ltr'>pergamenarii</span> <span class='ocrx_word' id='word_1_304' title='bbox 506 1022 587 1039; x_wconf 88' lang='lat' dir='ltr'>Parisius</span> <span class='ocrx_word' id='word_1_305' title='bbox 598 1026 658 1039; x_wconf 86' lang='lat' dir='ltr'>emant</span> <span class='ocrx_word' id='word_1_306' title='bbox 668 1028 797 1045; x_wconf 82' lang='lat' dir='ltr'>pergamenum</span> <span class='ocrx_word' id='word_1_307' title='bbox 809 1025 893 1045; x_wconf 87' lang='lat' dir='ltr'>presente</span> <span class='ocrx_word' id='word_1_308' title='bbox 904 1022 991 1046; x_wconf 75' lang='lat' dir='ltr'>magistro</span> <span class='ocrx_word' id='word_1_309' title='bbox 1001 1022 1030 1039; x_wconf 90' lang='lat' dir='ltr'>vel</span> <span class='ocrx_word' id='word_1_310' title='bbox 1040 1022 1103 1039; x_wconf 84' lang='lat' dir='ltr'>scolari</span> 
     </span>
     <span class='ocr_line' id='line_1_31' title="bbox 173 1055 1103 1079; baseline 0.001 -7"><span class='ocrx_word' id='word_1_311' title='bbox 173 1055 268 1078; x_wconf 77' lang='lat' dir='ltr'>indigente</span> <span class='ocrx_word' id='word_1_312' title='bbox 281 1062 398 1079; x_wconf 74' lang='lat' dir='ltr'>pergameno,</span> <span class='ocrx_word' id='word_1_313' title='bbox 414 1056 463 1079; x_wconf 91' lang='lat' dir='ltr'>quod</span> <span class='ocrx_word' id='word_1_314' title='bbox 475 1056 535 1073; x_wconf 85' lang='lat' dir='ltr'>dictus</span> <span class='ocrx_word' id='word_1_315' title='bbox 550 1056 637 1079; x_wconf 85' lang='lat' dir='ltr'>magister</span> <span class='ocrx_word' id='word_1_316' title='bbox 651 1055 680 1073; x_wconf 84' lang='lat' dir='ltr'>vel</span> <span class='ocrx_word' id='word_1_317' title='bbox 693 1055 768 1073; x_wconf 81' lang='lat' dir='ltr'>scolaris</span> <span class='ocrx_word' id='word_1_318' title='bbox 783 1056 848 1073; x_wconf 85' lang='lat' dir='ltr'>habeat</span> <span class='ocrx_word' id='word_1_319' title='bbox 860 1059 927 1079; x_wconf 83' lang='lat' dir='ltr'>partem</span> <span class='ocrx_word' id='word_1_320' title='bbox 940 1056 990 1073; x_wconf 82' lang='lat' dir='ltr'>illius</span> <span class='ocrx_word' id='word_1_321' title='bbox 1002 1056 1103 1079; x_wconf 87' lang='lat' dir='ltr'>pergameni</span> 
     </span>
     <span class='ocr_line' id='line_1_32' title="bbox 174 1089 1104 1113; baseline 0 -7"><span class='ocrx_word' id='word_1_322' title='bbox 174 1095 206 1112; x_wconf 89' lang='lat' dir='ltr'>pro</span> <span class='ocrx_word' id='word_1_323' title='bbox 218 1089 250 1106; x_wconf 85' lang='lat' dir='ltr'>illo</span> <span class='ocrx_word' id='word_1_324' title='bbox 262 1089 327 1112; x_wconf 68' lang='lat' dir='ltr'>pretio„</span> <span class='ocrx_word' id='word_1_325' title='bbox 339 1095 373 1112; x_wconf 88' lang='lat' dir='ltr'>pro</span> <span class='ocrx_word' id='word_1_326' title='bbox 384 1095 421 1112; x_wconf 86' lang='lat' dir='ltr'>quo</span> <span class='ocrx_word' id='word_1_327' title='bbox 432 1092 511 1112; x_wconf 87' lang='lat' dir='ltr'>emptum</span> <span class='ocrx_word' id='word_1_328' title='bbox 523 1089 583 1106; x_wconf 32' lang='lat' dir='ltr'>suerit*</span> <span class='ocrx_word' id='word_1_329' title='bbox 596 1089 696 1106; x_wconf 88' lang='lat' dir='ltr'>Tenebitur</span> <span class='ocrx_word' id='word_1_330' title='bbox 706 1092 764 1106; x_wconf 89' lang='lat' dir='ltr'>tamen</span> <span class='ocrx_word' id='word_1_331' title='bbox 776 1089 824 1106; x_wconf 88' lang='lat' dir='ltr'>dicto</span> <span class='ocrx_word' id='word_1_332' title='bbox 835 1089 972 1113; x_wconf 79' lang='lat' dir='ltr'>pergamenario</span> <span class='ocrx_word' id='word_1_333' title='bbox 982 1089 1068 1112; x_wconf 83' lang='lat' dir='ltr'>magister</span> <span class='ocrx_word' id='word_1_334' title='bbox 1077 1089 1104 1106; x_wconf 89' lang='lat' dir='ltr'>vel</span> 
     </span>
     <span class='ocr_line' id='line_1_33' title="bbox 174 1122 1104 1146; baseline 0.001 -7"><span class='ocrx_word' id='word_1_335' title='bbox 174 1122 251 1139; x_wconf 87' lang='lat' dir='ltr'>scolaris</span> <span class='ocrx_word' id='word_1_336' title='bbox 269 1123 312 1139; x_wconf 86' lang='lat' dir='ltr'>dare</span> <span class='ocrx_word' id='word_1_337' title='bbox 329 1129 362 1140; x_wconf 78' lang='lat' dir='ltr'>sex</span> <span class='ocrx_word' id='word_1_338' title='bbox 379 1122 464 1139; x_wconf 82' lang='lat' dir='ltr'>denarios</span> <span class='ocrx_word' id='word_1_339' title='bbox 481 1123 504 1140; x_wconf 97' lang='lat' dir='ltr'>de</span> <span class='ocrx_word' id='word_1_340' title='bbox 520 1122 567 1140; x_wconf 83' lang='lat' dir='ltr'>libra</span> <span class='ocrx_word' id='word_1_341' title='bbox 584 1128 616 1146; x_wconf 85' lang='lat' dir='ltr'>pro</span> <span class='ocrx_word' id='word_1_342' title='bbox 633 1122 723 1140; x_wconf 83' lang='lat' dir='ltr'>industria</span> <span class='ocrx_word' id='word_1_343' title='bbox 740 1128 772 1140; x_wconf 88' lang='lat' dir='ltr'>sua</span> <span class='ocrx_word' id='word_1_344' title='bbox 789 1126 808 1140; x_wconf 91' lang='lat' dir='ltr'>et</span> <span class='ocrx_word' id='word_1_345' title='bbox 823 1123 891 1140; x_wconf 82' lang='lat' dir='ltr'>labore.</span> <span class='ocrx_word' id='word_1_346' title='bbox 910 1123 1032 1146; x_wconf 85' lang='lat' dir='ltr'>Intelligimus</span> <span class='ocrx_word' id='word_1_347' title='bbox 1048 1126 1104 1140; x_wconf 88' lang='lat' dir='ltr'>autem</span> 
     </span>
     <span class='ocr_line' id='line_1_34' title="bbox 175 1156 904 1182; baseline 0.001 -10"><span class='ocrx_word' id='word_1_348' title='bbox 175 1159 278 1182; x_wconf 82' lang='lat' dir='ltr'>presentem</span> <span class='ocrx_word' id='word_1_349' title='bbox 290 1162 332 1173; x_wconf 81' lang='lat' dir='ltr'>esse</span> <span class='ocrx_word' id='word_1_350' title='bbox 344 1156 394 1173; x_wconf 89' lang='lat' dir='ltr'>illum</span> <span class='ocrx_word' id='word_1_351' title='bbox 406 1156 437 1179; x_wconf 88' lang='lat' dir='ltr'>qui</span> <span class='ocrx_word' id='word_1_352' title='bbox 448 1159 476 1173; x_wconf 85' lang='lat' dir='ltr'>est</span> <span class='ocrx_word' id='word_1_353' title='bbox 487 1156 519 1177; x_wconf 74' lang='lat' dir='ltr'>ibi,</span> <span class='ocrx_word' id='word_1_354' title='bbox 530 1159 626 1179; x_wconf 82' lang='lat' dir='ltr'>antequam</span> <span class='ocrx_word' id='word_1_355' title='bbox 638 1162 767 1179; x_wconf 83' lang='lat' dir='ltr'>pergamenum</span> <span class='ocrx_word' id='word_1_356' title='bbox 778 1156 803 1173; x_wconf 89' lang='lat' dir='ltr'>sit</span> <span class='ocrx_word' id='word_1_357' title='bbox 813 1157 904 1179; x_wconf 83' lang='lat' dir='ltr'>partitum.</span> 
     </span>
    </p>

    <p class='ocr_par' dir='ltr' id='par_1_10' title="bbox 175 1189 1104 1247">
     <span class='ocr_line' id='line_1_35' title="bbox 219 1189 1104 1213; baseline 0.001 -7"><span class='ocrx_word' id='word_1_358' title='bbox 219 1190 262 1206; x_wconf 87' lang='lat' dir='ltr'>Item</span> <span class='ocrx_word' id='word_1_359' title='bbox 274 1189 324 1213; x_wconf 89' lang='lat' dir='ltr'>quod</span> <span class='ocrx_word' id='word_1_360' title='bbox 334 1192 444 1207; x_wconf 81' lang='lat' dir='ltr'>mercatores</span> <span class='ocrx_word' id='word_1_361' title='bbox 454 1189 523 1213; x_wconf 83' lang='lat' dir='ltr'>singuli</span> <span class='ocrx_word' id='word_1_362' title='bbox 534 1193 628 1213; x_wconf 81' lang='lat' dir='ltr'>presentes</span> <span class='ocrx_word' id='word_1_363' title='bbox 638 1190 657 1207; x_wconf 88' lang='lat' dir='ltr'>in</span> <span class='ocrx_word' id='word_1_364' title='bbox 667 1189 744 1207; x_wconf 90' lang='lat' dir='ltr'>emendo</span> <span class='ocrx_word' id='word_1_365' title='bbox 755 1190 792 1207; x_wconf 82' lang='lat' dir='ltr'>sint</span> <span class='ocrx_word' id='word_1_366' title='bbox 802 1190 905 1213; x_wconf 32' lang='lat' dir='ltr'>participes*</span> <span class='ocrx_word' id='word_1_367' title='bbox 916 1190 1038 1213; x_wconf 82' lang='lat' dir='ltr'>Intelligimus</span> <span class='ocrx_word' id='word_1_368' title='bbox 1048 1193 1104 1207; x_wconf 91' lang='lat' dir='ltr'>autem</span> 
     </span>
     <span class='ocr_line' id='line_1_36' title="bbox 175 1222 981 1247; baseline 0 -7"><span class='ocrx_word' id='word_1_369' title='bbox 175 1227 270 1247; x_wconf 82' lang='lat' dir='ltr'>presentes</span> <span class='ocrx_word' id='word_1_370' title='bbox 283 1223 336 1247; x_wconf 80' lang='lat' dir='ltr'>modo</span> <span class='ocrx_word' id='word_1_371' title='bbox 348 1223 459 1246; x_wconf 84' lang='lat' dir='ltr'>supradicto.</span> <span class='ocrx_word' id='word_1_372' title='bbox 978 1222 981 1225; x_wconf 64' lang='lat'><em>⁴</em></span> 
     </span>
    </p>

    <p class='ocr_par' dir='ltr' id='par_1_11' title="bbox 173 1253 1104 1314">
     <span class='ocr_line' id='line_1_37' title="bbox 219 1253 1104 1280; baseline 0.001 -7"><span class='ocrx_word' id='word_1_373' title='bbox 219 1257 263 1274; x_wconf 80' lang='lat' dir='ltr'>Item</span> <span class='ocrx_word' id='word_1_374' title='bbox 279 1257 328 1280; x_wconf 83' lang='lat' dir='ltr'>quod</span> <span class='ocrx_word' id='word_1_375' title='bbox 343 1257 401 1280; x_wconf 81' lang='lat' dir='ltr'>prima</span> <span class='ocrx_word' id='word_1_376' title='bbox 415 1256 445 1274; x_wconf 86' lang='lat' dir='ltr'>die</span> <span class='ocrx_word' id='word_1_377' title='bbox 461 1257 582 1274; x_wconf 83' lang='lat' dir='ltr'>nundinarum</span> <span class='ocrx_word' id='word_1_378' title='bbox 597 1257 679 1274; x_wconf 79' lang='lat' dir='ltr'>Landiti&#39;</span> <span class='ocrx_word' id='word_1_379' title='bbox 693 1257 722 1274; x_wconf 92' lang='lat' dir='ltr'>vel</span> <span class='ocrx_word' id='word_1_380' title='bbox 737 1257 755 1274; x_wconf 88' lang='lat' dir='ltr'>S.</span> <span class='ocrx_word' id='word_1_381' title='bbox 771 1257 831 1274; x_wconf 78' lang='lat' dir='ltr'>Lazari</span> <span class='ocrx_word' id='word_1_382' title='bbox 845 1253 881 1274; x_wconf 60' lang='lat' dir='ltr'>n&#39;on</span> <span class='ocrx_word' id='word_1_383' title='bbox 896 1260 956 1274; x_wconf 78' lang='lat' dir='ltr'>exuant</span> <span class='ocrx_word' id='word_1_384' title='bbox 970 1263 1104 1280; x_wconf 76' lang='lat' dir='ltr'>pergamenum,</span> 
     </span>
     <span class='ocr_line' id='line_1_38' title="bbox 173 1290 1104 1314; baseline 0 -6"><span class='ocrx_word' id='word_1_385' title='bbox 173 1295 269 1314; x_wconf 84' lang='lat' dir='ltr'>antequam</span> <span class='ocrx_word' id='word_1_386' title='bbox 283 1294 394 1308; x_wconf 74' lang='lat' dir='ltr'>mercatores</span> <span class='ocrx_word' id='word_1_387' title='bbox 409 1290 477 1308; x_wconf 86' lang='lat' dir='ltr'>domini</span> <span class='ocrx_word' id='word_1_388' title='bbox 494 1291 550 1314; x_wconf 83' lang='lat' dir='ltr'>regis,</span> <span class='ocrx_word' id='word_1_389' title='bbox 568 1291 636 1308; x_wconf 89' lang='lat' dir='ltr'>domini</span> <span class='ocrx_word' id='word_1_390' title='bbox 651 1291 760 1308; x_wconf 80' lang='lat' dir='ltr'>Parisiensis</span> <span class='ocrx_word' id='word_1_391' title='bbox 774 1291 855 1314; x_wconf 83' lang='lat' dir='ltr'>episcopi</span> <span class='ocrx_word' id='word_1_392' title='bbox 868 1294 886 1308; x_wconf 91' lang='lat' dir='ltr'>et</span> <span class='ocrx_word' id='word_1_393' title='bbox 901 1291 981 1314; x_wconf 77' lang='lat' dir='ltr'>magistri</span> <span class='ocrx_word' id='word_1_394' title='bbox 997 1294 1014 1308; x_wconf 87' lang='lat' dir='ltr'>et</span> <span class='ocrx_word' id='word_1_395' title='bbox 1027 1291 1104 1309; x_wconf 85' lang='lat' dir='ltr'>scolares</span> 
     </span>
    </p>
   </div>
   <div class='ocr_carea' id='block_1_3' title="bbox 174 1324 951 1367">
    <p class='ocr_par' dir='ltr' id='par_1_12' title="bbox 174 1324 951 1367">
     <span class='ocr_line' id='line_1_39' title="bbox 174 1324 951 1347; baseline -0.001 -5"><span class='ocrx_word' id='word_1_396' title='bbox 174 1325 259 1346; x_wconf 81' lang='lat' dir='ltr'>emerint,</span> <span class='ocrx_word' id='word_1_397' title='bbox 269 1325 305 1342; x_wconf 86' lang='lat' dir='ltr'>nisi</span> <span class='ocrx_word' id='word_1_398' title='bbox 317 1325 387 1342; x_wconf 81' lang='lat' dir='ltr'>foranei</span> <span class='ocrx_word' id='word_1_399' title='bbox 399 1327 509 1342; x_wconf 80' lang='lat' dir='ltr'>mercatores</span> <span class='ocrx_word' id='word_1_400' title='bbox 521 1324 567 1341; x_wconf 81' lang='lat' dir='ltr'>dictu</span> <span class='ocrx_word' id='word_1_401' title='bbox 579 1324 608 1341; x_wconf 87' lang='lat' dir='ltr'>die</span> <span class='ocrx_word' id='word_1_402' title='bbox 620 1324 697 1342; x_wconf 85' lang='lat' dir='ltr'>emerint</span> <span class='ocrx_word' id='word_1_403' title='bbox 708 1328 748 1342; x_wconf 87' lang='lat' dir='ltr'>ante</span> <span class='ocrx_word' id='word_1_404' title='bbox 760 1328 832 1347; x_wconf 86' lang='lat' dir='ltr'>tempus</span> <span class='ocrx_word' id='word_1_405' title='bbox 844 1324 951 1347; x_wconf 50' lang='lat' dir='ltr'>predictum&gt;</span> 
     </span>
     <span class='ocr_line' id='line_1_40' title="bbox 235 1355 247 1367; baseline 0 0"><span class='ocrx_word' id='word_1_406' title='bbox 235 1355 247 1367; x_wconf 82' lang='lat'>⁷.</span> 
     </span>
    </p>
   </div>
  </div>
 </body>
</html>
