1273 1538
177 78 223 96 ¹290]
371 83 394 94 ,tn
410 83 463 94 Auro
480 82 598 94 ucczxxxw
615 82 682 97 vsqve
698 83 723 94 An
739 82 809 94 Aurum
826 82 898 94 mecei..
1080 78 1101 94 45

176 120 263 140 conscius,
278 119 326 142 quod
344 125 380 136 non
398 122 447 136 esset
464 118 575 135 credendum
592 118 615 135 de
631 118 686 139 sacili,
701 124 761 141 ymmo
778 125 811 135 nec
827 119 926 135 verisimile
943 119 966 135 ad
982 119 1101 139 credendum,

175 153 210 169 nisi
222 157 253 169 vos
265 152 283 168 in
296 151 406 168 conferendo
419 151 489 174 aliquas
502 151 525 168 de
538 151 575 167 illis
589 151 662 173 graciis,
675 151 721 168 illud
732 151 816 168 illicitum
826 151 965 173 expressissetis
975 151 1048 168 oraculo
1061 151 1101 168 vive

175 185 232 205 vocis;

218 218 267 238 item,
281 223 321 234 cum
334 217 470 239 presumptione
486 216 596 239 dampnabili
613 220 632 233 et
646 223 692 233 ausu
706 217 802 233 temerario
820 217 876 234 vestri
893 216 990 233 familiares
1007 222 1041 233 una
1060 223 1101 233 cum

176 253 233 267 vestro
242 249 308 267 vicario
319 255 373 266 unum
384 249 491 267 bacalarium
502 255 594 273 nunquam
608 256 616 267 a
629 249 682 267 vohis
694 256 727 267 nee
740 249 762 267 ab
773 249 926 267 examinatoribus
938 250 1032 273 cognitum
1042 255 1100 272 neque

175 283 237 303 visumv
248 286 265 299 et
277 286 337 305 preter
351 288 461 299 eonsensum
474 286 562 303 vestrum,
576 282 623 299 sieut
636 282 741 299 asseruistis
754 289 814 300 coram
826 283 910 305 pluribus
920 282 955 299 fide
966 282 1034 306 dignis,
1045 286 1101 300 teme·

176 315 225 332 ritate
237 315 307 337 propria
318 315 450 332 licentiaverint
459 315 477 331 in
490 315 566 336 artibus,
579 318 597 331 et
609 321 642 332 vos
655 315 713 332 adhuc
726 318 793 332 tantum
807 315 878 332 facinus
891 315 991 338 approbare
1003 315 1101 332 videamini

176 348 235 365 saltem
244 347 297 368 sacto,
307 354 347 364 cum
357 353 390 365 nec
400 348 449 364 illam
459 348 539 365 illicitam
549 348 639 364 licentiam
651 348 786 369 revocaveritis,
797 354 830 365 nec
840 348 918 371 aliquem
931 348 953 365 de
966 348 1101 365 licentiantibus

176 384 208 397 tam
218 380 279 396 illicite
289 380 392 403 punieritis3

218 413 267 433 hem,
277 419 317 429 cum
327 413 421 435 quemdam
432 413 525 434 clericum,
536 413 567 436 qui
577 419 668 435 nunquam
680 413 698 429 in
707 413 778 430 artibus
787 413 891 430 licentiatus
900 413 958 430 fuerat
968 413 1055 434 Parisins,
1068 420 1101 430 nec

176 443 295 466 magisterium
313 447 414 464 assecutus⁷
430 444 448 460 in
466 443 585 466 vilipendium
600 443 689 461 facultatis
704 443 836 460 substitueritis
850 444 872 460 ad
889 443 967 461 dandum
983 444 1065 461 licentias
1083 444 1101 460 in

176 475 247 496 artibus,
258 476 297 492 loco
307 476 369 497 vestri,
380 476 429 498 quod
439 476 483 493 alias
493 482 529 493 non
540 480 567 493 est
576 476 644 497 visum3

218 509 266 529 Item,
280 515 320 525 cum
330 509 428 531 juramenti
442 509 512 531 prestiti
528 509 620 526 vinculum
633 515 666 526 vos
680 509 768 531 astringat
782 508 882 525 secundum
897 509 1030 531 depositionem
1045 509 1102 532 magi-

176 545 250 558 strorum
264 541 382 558 licentiandos
397 541 497 558 hacalarios
511 542 603 564 expedire,
614 545 632 558 et
644 547 677 559 vos
692 545 773 564 tempore
783 542 891 558 inconsueto
905 541 1058 558 examinatoribus
1068 547 1101 558 nec

176 573 271 591 scientibus
282 579 314 590 nee
324 574 391 591 vocatis
401 574 491 591 licentiam
502 574 601 597 incipiendi
612 574 630 590 in
640 577 710 597 septem
721 573 790 591 artibus
801 573 907 591 liberalibus
917 577 935 590 et
944 574 1017 591 easdem
1028 573 1101 596 legendi

176 606 252 623 Parisius
265 609 282 623 et
295 606 362 629 ubique
377 606 448 623 cuidam
464 620 475 623 ..
487 607 551 629 juveni
568 606 689 627 contuleritis=
704 606 723 623 in
740 606 859 629 vilipendium
877 609 934 623 status
950 606 1050 629 magisterii
1065 612 1101 623 uon

176 639 269 660 modicum,
280 645 318 656 cum
330 639 360 655 ille
367 639 442 662 juvenis
452 645 543 661 nunquam
554 639 577 656 de
587 639 657 656 artibus
666 639 768 656 audivisset
777 639 823 656 ultra
836 639 907 662 Topyca
917 642 935 655 et
943 639 1040 659 Elenchos;

218 673 267 693 Itemy
284 678 323 688 cum
338 672 450 694 juraveritis,
471 675 491 688 ut
509 672 625 694 premittitur,
645 678 679 689 vos
699 671 799 688 secundum
820 671 952 695 depositionem
974 672 1102 694 magistrorum

176 705 257 727 expedire
267 704 365 721 bacalarios
377 708 407 721 aut
419 704 514 727 impedire,
528 708 545 721 et
557 710 590 721 vos
602 704 663 721 minus
676 705 759 727 provide,
775 705 793 721 in
808 704 929 727 prejudicium
943 704 1040 725 facultatis,
1053 710 1103 721 asse-

176 737 246 754 rueritis
257 740 274 753 et
286 737 360 759 pluries,
373 736 422 760 quod
435 737 535 754 bacalarios
547 743 580 759 per
589 737 688 759 magistros
697 737 719 753 ad
729 737 820 754 licentiam
834 737 929 759 expeditos
939 737 1019 759 possetis
1029 736 1102 753 diss‘erre

176 776 206 793 per
215 770 289 792 spatium
300 770 363 793 viginti
373 776 461 787 annorum
472 770 501 787 vel
511 770 597 792 plurium,
608 776 640 792 pro
651 773 711 787 vestre
721 770 773 786 libito
783 770 893 787 voluntatis:

217 802 284 819 ideirco
299 808 339 825 ego,
355 803 441 825 magister
452 802 545 819 Johannes
557 803 609 823 Vate,
624 806 684 819 rector
697 802 825 819 Universitatis
839 802 955 823 Parisiensis,
969 802 1042 819 nomine
1055 808 1102 824 meo,

176 835 245 851 nomine
260 835 348 851 facultatis
365 835 437 855 artium,
456 835 530 852 nomine
552 835 681 857 magistrorum
698 835 716 851 in
732 835 809 855 artibus,
825 835 898 852 nomine
915 835 999 856 rectoris,
1017 841 1050 852 nec
1067 841 1103 852 non

175 867 244 884 nomine
254 868 333 884 omnium
344 867 404 888 michi,
415 867 462 884 dicte
475 867 554 884 facultati
565 871 582 884 et
592 867 646 884 dictis
660 868 753 890 magistris
766 867 899 888 adherentium,
910 871 927 884 et
937 868 1010 884 nomine
1023 868 1103 884 omnium

175 906 248 923 quorum
261 900 336 917 interest
348 900 378 917 vel
391 900 481 917 interesse
494 903 560 923 potest.
574 900 683 917 cancellarie
698 900 814 921 Parisiensis,
828 900 873 917 alias
882 904 945 917 contra
955 906 988 917 vos
1000 900 1019 916 in
1029 900 1103 923 seriptis

175 932 233 949 sedem
246 932 360 955 apostolicam
374 932 470 955 appellavi,
485 936 502 949 et
515 933 665 955 protestationem
675 933 709 950 feci
720 933 742 949 de
753 938 791 949 mea
801 933 922 956 appellatione
933 933 1041 950 innovanda.
1052 934 1103 950 Nunc

173 971 214 982 vero
229 971 262 988 ego
276 965 335 982 dictus
348 965 450 986 Johanues‚
466 965 571 982 nominibus
588 965 655 987 quihus
670 971 732 987 supra,
747 965 886 988 appellationem
902 971 959 982 ineam
975 965 1064 982 innovans
1082 971 1104 982 ex

174 998 231 1014 causis
244 998 344 1021 premissis,
356 997 442 1015 omnibus
454 1001 471 1014 et
484 998 571 1020 singulis,
583 1004 618 1018 uie,
633 998 735 1014 facultatem
749 1001 767 1014 et
779 998 883 1020 magistros,
896 1003 929 1020 pet·
941 1003 980 1018 vos,
996 998 1103 1015 cancellarie

173 1030 284 1051 Parisiensis,
297 1030 378 1047 sentiens
391 1030 471 1047 indebite
484 1031 596 1053 pregravari,
608 1030 673 1047 iterato
686 1030 791 1047 nominihus
801 1030 869 1052 quibus
879 1036 940 1053 supra,
951 1030 970 1047 in
981 1030 1018 1047 hiis
1031 1030 1103 1053 scriptis

173 1069 182 1079 a
192 1063 243 1080 nobis
254 1066 271 1079 et
280 1066 342 1080 contra
354 1069 387 1080 vos
400 1062 461 1080 sedem
473 1063 590 1086 apostolicam
605 1069 685 1086 provoco
697 1066 716 1080 et
729 1063 808 1086 appello,
819 1064 841 1080 Et
851 1069 906 1086 super
919 1063 953 1080 hoc
967 1067 1008 1086 peto
1021 1069 1031 1080 a
1044 1063 1103 1085 vohis,

174 1096 257 1118 magistro
273 1096 357 1118 Symoue,
372 1095 421 1112 dicto
438 1095 460 1112 de
477 1096 567 1118 Coquiua,
583 1096 682 1112 tabellione
699 1095 780 1118 publico,
797 1095 851 1112 michi
869 1095 908 1112 fieri
925 1096 1018 1118 publicum
1035 1096 1103 1113 instru-

173 1131 256 1149 mentum,
269 1131 287 1145 et
300 1128 339 1145 loco
354 1128 477 1151 apostolorum
492 1128 546 1145 michi
560 1128 612 1149 tradi,
627 1129 674 1145 sicut
688 1131 717 1145 est
729 1132 836 1145 consuetum
850 1128 897 1149 fieri,
912 1132 929 1145 et
943 1129 1021 1145 testibus
1034 1129 1057 1145 ad
1069 1128 1103 1145 hoc

173 1160 286 1183 presentibus
295 1160 362 1177 vocatis
373 1163 391 1177 et
400 1160 476 1183 rogatis,
486 1164 590 1183 protestans
601 1160 706 1177 nominibus
717 1160 784 1183 quibus
794 1166 855 1183 supra⁷
864 1161 914 1183 quod
923 1160 965 1178 huic
975 1167 1015 1177 mee
1025 1161 1104 1183 appella-

173 1195 215 1212 tioni
226 1195 265 1212 volo
278 1198 296 1212 et
307 1201 389 1218 propono
402 1195 494 1216 insistere,
505 1199 522 1212 et
535 1201 573 1212 eam
585 1195 673 1218 persequi
686 1196 704 1212 in
716 1195 766 1212 curia
779 1196 874 1216 Romana‘,
886 1196 914 1213 vel
926 1195 977 1216 alibi,
988 1195 1019 1212 ubi
1029 1195 1051 1212 de
1062 1196 1104 1218 jure

173 1231 234 1250 potero
246 1231 263 1244 et
272 1227 353 1248 debeho;
364 1234 392 1244 me
403 1228 455 1245 etiarn
466 1231 485 1244 et
496 1228 589 1250 predictos
601 1228 711 1249 facultatem,
722 1228 821 1250 magistros
834 1231 853 1245 et
864 1228 918 1245 nobis
930 1228 1045 1248 adherentes,
1056 1228 1104 1244 bona

173 1266 209 1277 mea
220 1263 237 1276 et
245 1260 292 1277 bona
302 1260 361 1277 omnia
372 1261 502 1283 predictorum⁷
511 1260 616 1277 nominibus
627 1260 694 1284 quibus
704 1266 766 1283 supra,
778 1261 886 1283 protectioni
897 1261 944 1277 dicte
954 1260 1004 1277 sedis
1012 1266 1102 1283 suppono=

172 1296 189 1310 et
204 1293 256 1310 vobis
271 1297 289 1310 et
305 1293 390 1310 omuibus
406 1294 448 1310 aliis
464 1299 542 1316 quorum
560 1294 637 1310 interest
653 1293 682 1311 vel
699 1293 789 1310 interesse
807 1296 876 1315 potest„
894 1293 946 1310 istam
965 1293 1103 1316 appellationem

172 1325 255 1342 exhibere
265 1326 327 1346 offero¹
338 1329 356 1342 et
365 1326 408 1342 darc
419 1326 489 1348 copiam
500 1332 540 1342 sum
550 1329 629 1348 paratus.
