1273 1538
185 41 228 60 1348]
378 47 401 57 ΑΒ
418 46 470 57 anuo
488 45 605 57 ucczxxxw
623 45 689 59 usqua:
706 46 730 57 an
747 46 816 58 aunum
833 47 903 58 necet..
1074 44 1105 60 621

184 116 193 133 1
199 113 249 133 156.
262 117 348 130 Universitas
355 117 403 130 pavie.
411 117 470 130 buccam*
476 117 543 135 episcopo
553 117 599 130 Paris<
607 118 693 135 praesentat
702 116 723 130 ad
732 117 829 135 mmmmm
839 117 853 131 in
863 117 924 131 aalma
933 118 946 131 S,
957 118 1024 131 Andr-21²2
1034 118 1051 132 de
1060 119 1104 132 Arcu-

221 142 247 155 ωι,
254 141 336 159 magistrum
342 141 420 154 Iohannem
429 141 498 154 numiam

782 171 820 186 1³⁴8,
827 171 882 187 Anausis
885 171 898 186 6,
905 171 961 184 Pnn'u'ia.

220 212 312 230 Universis
323 216 417 235 presentes
427 212 497 229 litteras
507 212 617 235 inspecturis
632 213 740 230 universitas
751 213 878 236 magistrorum
889 216 906 230 et
916 213 1011 230 scolarium
1022 213 1103 230 Par-isius

179 246 284 264 studentium
294 246 369 263 salutem
380 245 399 262 in
409 245 493 263 Domino.
504 246 592 263 Noverint
602 246 691 268 universi,
702 246 749 269 quod
757 252 798 263 cum
806 246 849 263 olim
857 246 904 264 bone
915 246 1000 264 memorie
1010 246 1038 263 vir
1048 252 1103 264 vene-

179 280 237 298 rahilis
247 280 331 303 magister
340 279 432 297 Iohannes
442 279 465 296 de
475 279 533 296 Thelu
543 280 562 296 in
577 280 636 303 ipsius
651 283 758 297 testamento
770 280 880 301 ordinasset,
895 280 944 303 quod
958 280 981 297 de
995 280 1048 298 bonis
1064 280 1102 298 suis

179 320 208 337 pro
217 313 273 330 salute
283 313 341 330 anime
352 319 384 330 sue
394 319 429 330 una
439 313 538 336 capellania
548 313 661 334 fundaretur,
677 314 699 330 ad
709 320 761 336 quarn
775 314 856 331 Parisins
875 314 1013 331 deserviendam
1028 319 1103 337 presen-

178 351 241 364 tarctur
253 350 340 370 perpetuo
357 346 461 369 capellanus
474 347 577 364 reverendo
591 347 610 363 in
623 347 697 365 Christo
712 347 756 370 patri
770 347 845 364 domino
859 347 945 370 episcopo
958 347 1057 365 Parisiensi
1071 353 1104 370 pei·

178 381 290 403 antiquiores,
301 380 331 403 qui
340 386 372 404 pro
383 383 464 403 tempore
474 384 543 401 essent,
552 384 591 397 actu
602 384 688 404 regentes
700 384 717 398 et
725 381 805 398 Parisius
816 384 918 403 presentes,
926 381 1011 398 videlicet
1018 387 1074 398 unum
1085 381 1103 398 in

177 414 269 437 theologia,
279 414 325 431 duos
336 414 354 431 in
364 414 441 431 decretis
452 417 470 431 et
480 420 536 431 unum
546 414 564 431 in
575 414 671 435 medicina,
681 420 714 431 nec
722 420 758 431 non
765 420 798 437 per
807 418 896 431 rectorem
904 418 966 431 nostre
974 414 1103 432 Universitatis

178 448 253 471 predicte
263 451 280 465 et
290 452 367 470 quatuor
376 451 504 470 procuratores
514 451 592 471 quatuor
602 448 702 469 nationum,
713 448 737 465 ita
747 451 806 465 tamen
816 448 865 471 quod
873 454 928 465 voces
934 448 1006 465 illorum
1015 448 1103 471 quinque,

178 481 242 498 scilicet
251 481 326 499 rectoris
336 485 354 498 et
366 484 503 505 procuratorum
519 481 650 504 predictorum,
665 487 702 498 non
716 481 781 498 saciant
795 481 831 498 nisi
844 487 897 498 unani
906 487 910 498 z
920 484 937 498 et
950 481 972 498 ad
986 481 1041 498 finem
1054 481 1103 504 quod

177 514 225 532 citius
235 518 252 532 ct
262 515 325 532 melius
336 515 383 532 dicte
394 515 494 538 capellanie
504 515 587 532 fundatio
597 518 732 538 procuraretur,
743 515 849 538 congregati
860 515 937 532 fuissent
951 514 1025 536 dudum,
1039 514 1104 532 videli-

176 551 201 565 cet
211 548 238 565 die
248 549 326 566 secunda
337 548 405 566 mensis
415 548 501 566 Octobris
511 548 576 565 ultimo
587 548 668 571 preteriti
676 549 688 570 ¹,
699 548 717 565 in
728 552 789 566 nostra
804 549 946 572 congregatione
960 548 1042 571 generali
1056 548 1103 571 apud

177 582 255 599 Sanctum
265 582 374 599 Maturinutn
383 582 499 599 venerabiles
508 582 543 599 viri
560 582 642 605 magistri
657 582 748 599 Robertus
761 582 783 599 de
794 582 876 604 Bardis’,
892 582 1010 599 cancellarius
1025 582 1104 599 ecclesie

177 615 276 637 Parisiens.,
286 616 377 639 antiquior
387 621 420 638 pro
431 619 473 632 tunc
485 621 551 638 regens
562 616 580 632 in
591 615 684 638 theologia
694 619 712 632 et
722 616 802 633 Parisius
817 619 860 632 tunc
873 621 959 639 presens3
974 616 1069 633 Gerardus
1081 615 1104 632 de

176 649 255 666 Curtilis⁸
265 652 282 666 et
292 649 393 666 Richardus
403 649 426 666 de
436 649 509 670 Fanni‘„
521 652 564 666 tunc
574 649 627 666 etiam
639 649 752 672 antiquiores
767 652 853 672 regentes
868 649 885 666 in
900 649 978 666 decretis
992 652 1009 666 et
1023 649 1103 666 Parisius

176 685 273 705 presentes;
287 682 394 699 Mainsridus
409 682 432 699 de
446 682 522 706 Coppis,
538 686 581 700 tunc
598 682 652 699 etiam
665 682 757 705 antiquior
772 688 839 706 regens
856 683 874 699 in
889 683 978 700 medicina
992 686 1009 699 et
1023 682 1104 700 Parisius

177 716 265 739 presens‘3
280 716 348 733 Alanus
359 716 381 733 de
391 716 537 739 Propwomeu‘,
549 719 591 733 tunc
602 719 665 733 nostre
676 716 805 733 Universitatis
818 719 878 733 rector
888 716 977 739 predicte;
992 716 1105 734 Guillermus

176 749 196 766 de
205 749 303 771 Nemosio',
314 750 406 767 Johannes
416 749 439 766 de
447 750 544 771 Vervino‘,
554 749 654 767 Gausridus
661 749 767 767 Vastinelli’
775 753 792 766 et
803 749 880 767 Michael
890 749 912 767 de
923 750 1000 771 Daciam,
1008 753 1051 767 tunc
1061 755 1105 773 qua-

157 805 161 810 (
177 786 213 800 tuor
222 783 312 800 nationum
323 786 458 806 procuratores,
469 783 608 807 elegissentque
618 783 734 800 concorditer
745 786 762 800 et
771 784 897 800 nominassent
904 783 926 800 de
934 784 1026 801 voluntate
1036 787 1055 800 et
1062 789 1105 800 con-

176 823 226 834 sensu
235 817 314 834 omnium
325 820 407 834 nostruin
422 816 522 834 discretum
533 817 592 834 virum
603 817 711 840 magistrum
720 816 820 834 Johannem
828 817 924 834 Buridan¹¹
933 817 1075 840 presentandum
1083 817 1105 834 ad

176 850 234 868 dictam
245 850 360 873 capellaniam
371 850 518 871 deserviendam,
528 856 569 867 cum
580 853 630 867 esset
640 850 721 871 fundata,
732 850 802 871 dantes,
813 853 867 874 prout
877 853 967 873 poterant,
977 850 1037 867 eidem
1048 850 1105 873 magi-

176 888 209 901 stro
218 884 240 901 de
250 890 340 901 consensu
351 887 420 905 nostro,
432 886 451 900 ut
461 883 568 906 predicitur,
579 886 597 900 et
607 883 661 901 nobis
672 886 729 900 ratum
739 887 756 901 et
766 887 838 907 gratum
846 883 999 907 hahentibus,jus
1006 884 1028 901 ad
1039 884 1104 901 dictam

175 918 285 941 capellaniam
295 917 453 940 prosequendunu
465 921 483 934 et
493 923 527 934 nos
537 923 596 940 nuper
606 917 629 934 de
639 917 694 934 bonis
705 917 748 934 dicti
758 917 841 940 magistri
851 917 939 934 Johaunis
949 917 971 934 de
981 917 1039 934 Thelu
1050 917 1105 934 emis-

176 958 231 969 setuus
240 951 326 974 quosdam
337 951 421 968 redditus
431 954 530 974 perpetuos
545 954 563 967 et
576 951 691 968 atnortizatos
702 951 748 967 sitos
762 951 810 973 apud
825 951 937 968 Trissiacuin
947 951 998 974 juxta
1013 951 1105 968 Monastc-

175 985 240 1007 riolum,
251 985 335 1002 videlicet
345 984 417 1002 circiter
427 984 560 1007 quinquaginta
571 984 607 1001 duo
618 987 693 1007 arpenta
704 988 752 1001 terre
759 984 841 1005 arabilis,
851 984 924 1001 circiter
934 988 974 1001 octo
984 987 1058 1007 arpenta
1066 984 1104 1007 jar-

175 1019 258 1039 dinornm,
268 1018 340 1035 circiter
353 1021 394 1035 octo
404 1021 479 1041 arpenta
495 1023 597 1039 nemorum,
612 1018 687 1035 circiter
700 1021 794 1040 arpentum
810 1021 828 1035 et
846 1017 987 1040 semiarpentum
1004 1021 1103 1041 pratorum,

174 1053 194 1075 xij
204 1052 271 1070 solidos
284 1055 301 1069 et
314 1052 339 1075 vij
355 1051 440 1068 denarios
453 1057 541 1068 censuum
556 1051 676 1073 minutorum,
691 1051 754 1068 decem
767 1054 802 1068 tam
817 1051 867 1068 viros
882 1057 935 1074 quain
949 1051 1037 1068 mulieres
1052 1057 1104 1069 serve

174 1086 277 1103 conditionis
286 1092 325 1103 cum
337 1085 440 1103 omnimoda
448 1085 519 1108 justitia
530 1085 548 1102 in
559 1085 647 1108 predictis
658 1089 676 1102 et
687 1091 720 1102 usu
729 1091 761 1108 pro
769 1085 835 1102 hestiis
843 1088 860 1102 et
869 1084 941 1108 pascuis
951 1085 974 1102 de
985 1085 1089 1102 Marolles'²
1099 1091 1103 1102 :

174 1126 203 1137 nos
212 1120 257 1143 piam
267 1120 324 1142 ipsius
334 1119 445 1137 voluntatem
456 1122 474 1136 et
484 1122 564 1136 sanctam
574 1119 678 1142 cupientes,
695 1122 781 1142 quantum
796 1124 895 1142 possumus
910 1122 927 1136 et
942 1122 1003 1136 nostra
1019 1119 1102 1141 interest,

173 1153 270 1177 adimplere,
281 1153 339 1171 dictos
350 1153 432 1170 redditus
443 1159 508 1170 omnes
518 1156 536 1170 et
546 1153 631 1176 singulos
647 1159 680 1176 pro
694 1153 742 1170 dicte
754 1153 855 1177 capellanie
868 1153 974 1170 fundatione
987 1153 1102 1176 dimittimus,

173 1187 238 1204 eosdem
251 1188 380 1205 transferentes
390 1187 408 1204 in
419 1187 520 1210 predictum
532 1187 639 1211 magistrum
650 1187 751 1204 Iohannem
762 1187 850 1209 Buridan,
861 1190 930 1210 etpost
943 1187 1002 1210 ipsum
1013 1191 1102 1210 perpetuo

173 1220 188 1237 in
197 1227 238 1238 suos
248 1227 371 1243 successores,
382 1221 413 1244 qui
424 1221 478 1238 modo
488 1225 506 1239 et
515 1222 573 1239 sonna
583 1221 676 1238 contentis
686 1221 705 1238 in
717 1225 825 1239 testamento
836 1221 878 1238 dicti
889 1221 971 1244 magistri
980 1221 1069 1239 Johannis
1080 1223 1102 1240 de

173 1254 224 1271 Thelu
234 1255 299 1272 fuerint
309 1255 348 1273 suis
358 1255 472 1278 temporibus
482 1256 531 1273 dicto
542 1256 644 1273 reverendo
655 1256 701 1279 patri
712 1256 786 1273 domino
796 1256 884 1279 episcopo
894 1255 992 1273 Parisiensi
1002 1258 1102 1279 presentati

173 1291 188 1304 et
196 1294 226 1311 per
235 1289 292 1312 ipsum
304 1290 378 1313 recepti.
389 1290 517 1314 Supplicantes
527 1290 622 1308 humiliter
633 1290 693 1307 eidem
704 1291 806 1308 reverendo
816 1291 868 1314 patri,
880 1295 969 1314 quatenus
983 1290 1031 1308 dicte
1042 1293 1102 1316 capel-

172 1321 214 1338 lanie
223 1322 345 1341 fundationem
356 1324 443 1347 dignetur
453 1325 485 1342 Dei
496 1328 513 1342 et
524 1325 597 1349 pietatis
607 1325 675 1342 intuitu
686 1325 773 1349 prosequi
784 1329 802 1343 et
812 1325 871 1347 linire,
882 1329 901 1343 et
910 1326 931 1343 ad
942 1332 981 1343 eant
996 1326 1102 1346 deservien-
