1273 1538
183 43 226 63 1343]
375 49 399 60 n
416 48 467 60 anuo
485 47 601 60 nccrxxxvi
617 47 683 62 usque
700 48 724 59 an
740 48 807 60 maun
824 49 894 61 necet.
1065 44 1096 61 533

183 102 248 122 1065.
259 107 329 120 statutum
336 106 399 120 nan-ants
405 107 518 120 marmannorum
525 105 544 119 ae
553 105 594 119 modo
604 105 694 120 custodiendi
703 106 779 124 pecuniam
790 107 854 120 nationis
864 108 878 120 u
888 110 915 124 quo
924 108 987 125 tempore
995 107 1042 125 pana
1051 107 1069 120 de
1078 111 1096 120 ea

221 131 286 144 arsamus
292 132 306 145 er
313 131 381 144 ordinari

743 149 779 165 72⁴³,
787 149 846 162 amma·
850 149 872 164 aa,
880 148 943 167 [raa-am
942 149 955 167 J.

219 186 310 204 Universis
317 189 411 209 presentes
422 186 491 203 litteras
501 186 618 209 inspecturis,
628 192 662 204 nos
672 192 736 203 omnes
745 189 763 204 et
770 186 838 210 singuli
846 186 927 210 magistri
935 186 1017 204 nacionis
1024 182 1096 204 Nornia-

181 226 239 238 norum
251 220 329 237 Parisius
343 223 382 237 actu
393 223 477 243 regentes
487 220 506 237 in
516 219 583 237 arcium
593 219 683 241 facultate,
695 220 770 237 salutem
783 220 801 237 in
813 220 897 237 Domino.
911 220 956 237 Cum
969 219 1037 237 bonum
1049 226 1098 237 com-

181 260 229 272 mune
238 257 255 271 et
264 260 296 277 pax
304 253 358 271 velud
368 253 436 277 aliquid
447 253 563 276 tranquillius
573 254 621 271 bono
631 253 701 277 privato
711 260 743 271 seu
754 253 846 271 discordie
856 253 969 277 preferentur
977 253 1066 275 honitatem
1076 260 1098 271 ne

180 288 241 305 bonum
254 293 347 305 commune
361 290 424 304 nostre
436 287 525 308 nacionis,
538 293 570 310 per
583 287 672 305 maliciam
684 287 785 305 officialium
800 293 832 304 seu
845 288 990 310 dispensatorum
1004 287 1034 305 vel
1047 287 1098 305 mini-

180 324 275 341 stratorurn,
282 320 399 344 imposterum
407 320 465 337 valeat
471 320 501 338 vel
508 320 602 344 contingat
609 320 700 344 dissipari,
709 324 727 338 et
734 326 756 338 ne
765 320 811 338 dicta
819 320 877 342 nocie,
885 320 909 337 ob
917 321 1006 338 desectum
1014 320 1098 344 pecunie,

179 354 246 377 aliquod
257 354 275 371 in
284 354 363 371 futurum
373 354 453 377 paciatur
463 354 599 375 detrimentum,
609 354 656 372 sicut
665 354 706 371 aliis
716 354 829 377 temporibus
838 354 932 372 retroactis
944 354 1038 372 evidenter
1047 355 1098 372 novi-

180 394 216 405 mus
224 388 308 409 eminere,
321 387 416 411 potissime
428 393 469 405 cum
480 393 512 411 per
526 387 597 411 aliquos
610 394 619 404 a
628 388 676 405 testo
687 388 808 405 Ascencionis
818 393 875 411 usque
886 388 907 405 ad
920 388 987 405 festum
998 387 1046 405 beati
1059 388 1099 405 Dio·

180 422 218 439 uisii
227 421 304 445 predicta
316 421 393 445 pecunia
403 421 485 438 nacionis
495 421 550 439 suerit
560 421 664 445 dispensata
675 422 734 439 minus
742 422 799 444 juste,
812 424 842 438 aut
851 421 932 439 indebite
946 421 1046 445 potabatur,
1057 422 1099 438 dum

180 455 230 478 major
239 461 279 478 pars
290 461 374 472 verorum
383 455 485 478 regentium
493 455 612 478 contingebat
618 455 641 472 ad
648 458 708 478 partes
716 461 748 478 pro
756 454 866 472 victualibus
873 455 993 478 procurandis
999 460 1099 472 remeasse:

180 494 210 506 nos
223 494 283 506 omnes
293 492 311 506 et
320 488 388 512 singuli
398 488 481 512 magistri
492 488 539 506 dicte
549 488 638 509 nacionis,
649 494 672 506 ex
683 492 733 512 parte
746 488 829 512 magistri
838 488 932 506 Grimerii¹
944 488 1039 510 Bonisacii,
1054 488 1100 506 dicte

179 522 253 539 nacionis
262 522 391 545 procuratoris,
402 522 450 545 apud
460 523 544 539 Sanctum
556 522 673 543 Maturinum,
681 525 721 539 xxx·
726 522 756 539 die
765 522 852 543 Jannarii,
862 522 948 540 videlicet
959 522 989 539 die
999 522 1049 545 jovis
1060 525 1101 539 ante

179 555 237 572 festum
249 555 381 573 Purificationis
398 556 451 573 Beate
465 556 529 577 Marie,
543 562 576 579 per
591 556 700 573 servientem
712 556 791 579 juratum
807 556 917 573 sufficienter
930 559 949 573 et
961 555 1071 579 specialiter,
1082 559 1102 572 ut

179 589 228 606 moris
241 593 272 610 est,
284 590 306 606 ad
317 589 438 610 statuendum,
449 589 571 606 ordinandum
582 592 600 606 et
610 588 753 612 dispensandum
764 589 829 610 vocati,
840 590 863 606 de
872 589 964 607 communi
977 595 1054 606 assensu
1067 595 1102 606 om>

179 622 222 640 nium
232 626 318 644 nostrum,
329 629 361 646 per
370 623 471 646 predictum
483 626 619 646 procuratorem
629 629 639 640 a
649 623 733 646 quolibet
741 623 870 647 magistrorum
878 618 983 640 nostrorum
991 623 1102 641 sufficienter

178 659 194 673 et
202 656 299 680 specialiter
313 657 419 679 requisito’,
434 656 485 674 nullo
500 656 615 677 reclamante,
629 662 662 680 pro
674 656 723 674 bono
735 657 826 674 communi
840 657 898 674 tocius
911 661 973 675 nostre
988 657 1070 674 nacionis
1084 657 1102 674 in

178 690 234 707 eodem
244 690 283 707 loco
292 690 422 707 inviolabiliter
432 689 545 708 observanda
557 690 653 707 statuimus
662 696 683 708 ac
693 690 817 708 ordinavimus
827 697 862 714 que
872 694 974 714 sequuntur
985 696 990 708 t

216 723 279 744 Primo,
291 724 340 747 quod
352 730 361 740 a
377 723 423 740 sesto
435 724 517 746 predicto
531 724 653 741 Ascencionis
669 730 728 747 usque
742 724 764 741 ad
778 724 844 741 festum
857 724 904 741 beati
919 724 997 741 Dionisii
1011 724 1067 741 nichil
1080 724 1102 741 de

177 757 250 781 predicta
257 757 333 781 pecunia
342 757 401 781 possit
410 757 455 778 dari,
465 757 557 778 distribui,
567 757 706 779 accommodari,
715 757 799 779 diminui,
808 757 899 779 desalcari,
910 764 944 776 nec
951 758 973 775 ad
980 757 1051 781 aliquos
1058 763 1102 775 usus

177 791 256 812 converti,
266 797 299 808 nec
309 798 318 808 a
329 794 446 814 procuratore
456 791 542 814 proponi,
553 797 586 808 seu
596 797 670 814 quoquo
683 792 737 808 modo
750 792 773 809 de
785 792 848 808 eadem
861 792 949 813 ordinari,
958 792 993 809 nisi
1003 792 1031 809 via
1042 792 1064 809 ad
1074 798 1102 808 cn-

178 825 216 842 riam
226 831 256 848 per
263 825 403 842 Universitatem
414 825 516 846 ordinetur,
527 828 557 842 aut
567 825 589 842 ad
600 830 662 848 regem
673 825 753 848 predicta
764 825 877 842 Universitas
888 831 908 842 se
916 825 1019 846 transferat,
1026 825 1102 848 pecunia

178 858 259 876 communi
269 858 397 876 Universitatis
407 864 440 875 seu
451 858 542 876 facultatis
552 858 632 875 totaliter
642 859 740 882 denegata3
751 859 804 882 cujus
817 858 893 882 pecunie
906 858 982 876 tradicio
995 858 1102 882 expedienS,

177 898 206 916 per
214 892 350 910 Universitatem
360 892 389 909 vel
396 892 505 913 facultatem,
517 895 560 909 tunc
570 892 658 915 temporis
666 892 762 909 indicetur.

215 927 263 947 Item,
274 926 375 947 statuimus,
388 925 404 943 si
413 925 481 949 aliquis
491 925 520 943 vel
530 925 586 949 aliqui
597 931 650 943 casus
660 926 743 949 predicto
754 929 835 949 tempore
848 926 945 946 evaserint,
960 929 1035 949 propter
1049 931 1102 948 quem

176 960 201 977 vel
212 965 255 983 quos
265 959 301 977 sint
310 959 366 982 aliqui
380 958 428 976 dicte
443 959 525 976 nacionis
538 959 560 976 ad
574 962 623 976 certa
639 959 716 982 negocia
729 959 857 977 Universitatis
871 959 900 976 vel
912 958 1009 980 facultatis,
1026 965 1060 976 seu
1074 965 1104 976 na-

176 994 238 1011 cionem
249 993 346 1016 predictam
360 992 462 1016 tangencia.
476 998 517 1010 cum
532 992 573 1010 aliis
588 993 636 1010 dicte
651 993 779 1010 Universitatis
793 992 822 1010 vel
835 992 925 1010 facultatis
939 992 1103 1016 proporcioualiter

176 1027 254 1051 deputati,
264 1030 338 1050 propter
352 1032 387 1050 que
397 1026 474 1050 negocia
484 1026 599 1049 expedienda
608 1032 641 1050 per
651 1027 737 1049 majorem
748 1029 816 1050 partem
827 1026 863 1043 diei
873 1026 902 1043 vel
912 1026 976 1043 saltem
987 1032 1020 1049 per
1030 1026 1103 1043 terciam

175 1061 236 1078 suerint
244 1060 335 1084 occupati:
350 1060 404 1078 liceat
413 1060 447 1081 eis,
458 1060 474 1077 si
487 1060 524 1077 sint
534 1061 578 1082 dno,
589 1066 647 1084 usque
657 1061 680 1077 ad
690 1063 731 1077 octo
743 1060 820 1081 solidos,
834 1060 850 1077 si
863 1060 900 1077 sint
912 1063 956 1081 tres,
967 1066 1025 1083 usque
1035 1061 1058 1077 ad
1072 1066 1103 1081 xn,

177 1094 330 1118 proporcionaliter
337 1093 472 1118 augmentando
480 1097 511 1111 aut
518 1094 576 1111 eeiain
584 1094 691 1115 minuendo,
700 1094 716 1111 si
723 1094 820 1117 pauciores
827 1094 846 1111 in
856 1093 910 1111 dictis
917 1094 1002 1117 negociis
1010 1094 1102 1111 interesse

177 1129 267 1152 contingat,
278 1134 310 1152 pro
320 1128 451 1146 refectionibus
461 1128 545 1151 corporis
556 1128 596 1145 suis
605 1128 710 1152 sumptibus
720 1128 817 1152 applicare.

214 1163 261 1183 Item,
276 1162 379 1184 statuimus,
392 1163 442 1186 quod
455 1162 472 1180 si
487 1162 539 1180 nacio
552 1162 674 1180 communiter
686 1165 749 1180 contra
761 1162 857 1180 nacionem
872 1161 901 1179 vel
914 1161 992 1185 aliquam
1007 1168 1103 1185 personam

175 1196 250 1220 insurgat
261 1196 289 1214 vel
299 1203 374 1220 quoquo
388 1196 443 1214 modo
455 1202 511 1220 agere
526 1197 603 1214 debeat:
619 1197 635 1214 si
649 1196 731 1220 deputati
741 1197 763 1214 ab
778 1197 842 1214 eadem
857 1196 905 1214 sicut
919 1196 971 1219 prius
984 1200 1104 1219 occupentur,

175 1233 250 1254 sumptus
259 1230 309 1253 prius
319 1230 418 1248 taxacionis
428 1230 524 1254 percipere
536 1230 610 1248 valeant
622 1236 655 1254 pro
668 1231 763 1254 expensis;
780 1230 796 1248 si
810 1230 857 1248 dicta
870 1230 947 1254 negocia
962 1230 1045 1247 consiliis
1059 1230 1104 1248 indi-

174 1268 222 1288 geant
230 1264 318 1282 extraneis
327 1264 357 1283 vel
364 1264 467 1288 scripturis,
479 1271 512 1283 seu
523 1265 671 1289 quibuscumque
681 1265 722 1282 aliis
732 1265 871 1289 operationibus
880 1264 936 1283 licitis
946 1268 965 1282 et
971 1264 1062 1287 honestis,
1070 1272 1103 1290 pro

174 1299 252 1321 predictis
261 1304 293 1322 per
301 1299 395 1317 nacionem
405 1299 497 1324 condigna
507 1299 606 1317 satisfactio
617 1299 740 1323 impendatur.

212 1333 260 1354 Item,
270 1334 318 1356 quod
328 1339 338 1350 a
347 1334 394 1351 sesto
408 1334 466 1351 sancti
476 1334 556 1351 Dionisii
571 1340 630 1357 usque
643 1334 666 1351 ad
680 1334 746 1351 festum
759 1334 880 1352 Ascensionis
894 1335 917 1352 de
927 1335 1004 1358 pecunia
1019 1336 1102 1355 nacionis
