1273 1538
183 52 229 70 1290]
378 57 401 68 ΑΒ
417 57 470 69 auno
488 57 604 68 nentxxxw
622 57 687 71 USQUE
705 58 729 68 an
745 57 814 69 Annum
832 58 902 69 nesci„
1083 52 1104 68 41

182 94 228 111 vitiis
242 94 363 114 convincatur,
374 99 406 115 per
415 93 544 116 provincialem
558 96 575 109 et
590 93 697 110 diffinitores
710 93 782 116 capituli
798 93 890 116 provincie
905 99 944 113 sue,
955 93 1014 110 statim
1025 99 1065 110 cuin
1078 93 1104 110 eis

182 130 240 143 notum
256 126 316 147 suerit,
330 130 431 146 revocetur,
448 129 466 142 et
482 126 534 142 libris
551 125 632 148 privetur
648 131 719 142 necnon
733 125 792 142 ollicio
811 129 899 148 perpetuo
912 126 992 146 lectorie,
1009 129 1026 142 et
1040 126 1105 142 nichil-

181 159 251 176 ominus
260 159 345 181 puniatur
354 158 454 175 secundum
465 158 545 175 instituta
556 158 631 175 Ordinis
642 158 664 175 de
675 158 779 175 commisso.
790 159 813 175 Et
823 158 838 175 si
850 157 966 180 provincialis
981 163 1014 174 seu
1026 158 1104 175 vicarius

182 195 198 208 et
208 191 313 208 diffinitores
325 191 398 214 capituli
410 191 528 214 provincialis
541 191 586 208 hanc
600 191 675 208 formam
689 191 760 214 integre
773 197 810 207 non
824 191 941 212 servaverint,
952 196 1010 213 usque
1020 190 1041 207 ad
1054 191 1105 213 quin>

181 224 276 247 quennium
286 224 308 241 ad
318 229 371 240 omne
381 224 460 241 officium
470 224 545 241 Ordinis
555 223 667 247 ineliffl‘biles
678 223 756 241 debeant
765 229 877 247 permanere.

223 257 265 274 Cum
277 260 334 274 autem
344 257 461 279 provincialis
473 260 491 274 et
503 257 611 274 diffinitores
621 257 722 280 predictum
735 257 838 274 studentem
850 263 882 274 sue
893 256 986 279 provincie
995 256 1039 273 citra
1051 256 1104 279 quin-

181 289 275 312 quennium
289 295 373 306 revocare
385 289 468 310 debent‘,
482 290 508 307 sic
520 290 605 307 ordinent
617 292 637 306 ut
649 290 696 306 idem
709 290 785 307 studens
798 293 891 312 antequam
905 290 927 306 de
940 289 1020 306 Parisius
1032 289 1105 306 recedat

180 322 241 339 habeat
254 322 276 339 ab
289 322 328 345 ipsa
344 323 436 345 provincia
451 323 569 346 quadraginta
583 322 639 339 libras
656 326 750 339 turonens.
765 329 798 345 pro
815 323 874 343 libris,
889 326 908 339 ut
925 325 998 346 propter
1014 322 1103 339 defectum

180 355 270 376 librorum,
284 361 324 372 cuni
337 355 359 372 ad
373 356 483 378 provinciam
497 362 546 372 suani
561 355 641 376 redierit,
652 356 692 378 ejus
702 361 739 372 non
752 356 810 378 possit
820 356 900 373 studium
911 355 1001 378 impediri.
1012 356 1034 372 Et
1044 355 1061 372 in
1072 355 1103 372 illo

180 388 282 411 provinciali
299 388 377 410 capitulo
397 388 414 405 in
433 394 470 411 quo
487 388 601 405 revocabitur
618 388 694 405 studens
711 388 750 411 ipse
770 391 787 405 et
806 394 842 405 nou
860 392 918 409 antea,
935 388 981 405 alius
998 388 1021 405 de
1041 388 1103 405 eadent

180 420 267 444 provincia
280 421 310 443 qui
322 421 344 437 ad
354 421 402 438 idern
414 421 494 438 studium
507 421 534 438 ire
546 420 601 438 debet
613 420 696 444 eligatur.
707 421 760 443 Quod
773 421 787 438 si
801 420 867 444 aliquis
879 421 978 444 eligeretur
989 424 1037 440 ante.
1050 421 1103 438 talem

180 453 281 470 electionem
294 453 367 476 penitus
379 454 499 471 annullamus.
511 455 655 476 Revocatusque,
666 454 682 471 si
692 454 771 476 Capituli
780 453 872 476 generalis
886 457 957 477 teinpus
967 454 1041 471 instabit
1052 457 1070 470 et
1081 454 1103 470 ad

179 486 222 503 illud
231 486 289 507 iverit,
300 492 309 503 a
319 486 377 503 tribus
391 486 490 503 lectoribus
504 487 569 509 positis
584 492 616 509 per
630 486 734 509 generalem
747 489 765 503 et
777 486 885 503 diffinitores
895 486 976 509 ejusdem
987 486 1074 509 Capituli'
1084 486 1103 503 in

179 519 266 541 presentia
279 519 377 542 generalis,
387 519 415 536 vel
429 519 451 536 de
466 520 506 542 ejus
521 519 610 540 mandato,
621 519 668 535 bene
681 523 699 536 et
708 519 819 536 sufficienter
829 519 947 540 examinetur,
958 522 975 535 et
985 519 1000 536 si
1011 519 1103 536 sufficiens

179 551 259 568 inventus
273 552 327 568 fuerit
341 552 400 568 officio
414 552 496 573 lectorie,
514 552 536 569 de
554 552 637 568 mandato
651 552 710 574 ipsius
725 552 816 575 generalis
833 552 856 569 de
872 555 932 569 cetero
949 555 1032 574 tanquan]
1046 552 1104 569 lector

178 584 261 601 habeatur
277 587 294 601 et
310 584 358 607 legat
374 584 392 601 in
409 584 465 604 loco&
481 585 512 607 qui
528 585 563 601 sibi
581 590 614 607 pro
630 588 712 607 tempore
728 591 738 601 a
755 585 793 601 suis
810 584 909 607 majoribus
925 584 980 601 suerit
993 584 1103 607 assignatus.

178 617 253 634 Studens
262 623 311 637 vero,
322 617 352 639 qui
363 623 372 633 a
382 617 443 640 priore
453 617 534 640 generali
547 623 579 640 per
591 620 659 634 tantuin
672 617 748 640 spatium
762 617 831 634 viarum
844 617 937 634 distaverit
949 617 997 640 quod
1010 617 1031 634 ad
1044 617 1103 640 ipsum

177 649 215 666 sine
224 649 309 672 gravibus
319 649 412 667 laboribus
422 653 440 667 et
450 650 535 672 expensis
546 650 573 666 ire
583 656 619 666 non
631 650 696 672 possit,
708 650 730 667 de
742 656 851 672 quocunque
863 650 924 667 studio
937 649 1012 666 Ordinis
1024 650 1102 670 recedat,

177 685 267 705 autequam
278 688 311 705 pro
320 682 387 699 lectore
398 688 417 699 se
428 686 479 705 gerat
490 683 518 700 vel
532 682 611 699 officium
621 682 696 699 lectorie
707 686 795 703 exerceat⁷
806 689 815 699 a
825 683 905 706 generali
916 683 1006 705 impetret,
1017 689 1026 699 a
1036 682 1103 706 quibus

177 715 270 732 examinari
280 718 298 731 et
307 715 402 738 approbari
414 715 485 732 debeat*
499 716 521 732 Et
530 718 625 738 postquam
638 715 660 732 de
671 715 778 732 sufficientia
788 721 821 732 sue
832 716 908 732 scientie
920 715 974 732 suerit
986 715 1102 738 approbatus,

177 753 208 770 pro
222 747 288 764 lectore
303 747 370 770 ubique
385 751 403 764 et
417 753 453 764 non
467 747 520 764 aliter
534 751 634 771 reputetur*
651 747 705 770 Quod
722 748 738 764 si
755 747 816 764 minus
831 748 923 765 sufficiens
940 748 1025 764 inventus
1042 748 1103 768 suerit,

177 781 254 803 privetur
267 780 318 797 libris
333 787 342 797 a
357 781 449 803 provincia
464 780 531 797 habitis
544 784 562 797 et
575 780 634 797 officio
649 784 737 803 perpetuo
752 780 834 801 lectoria,
849 781 884 797 nisi
899 784 961 803 postea
976 781 999 797 ita
1012 780 1103 797 studendo

177 813 270 836 profecerit
280 813 327 836 quod
338 813 361 830 de
371 819 392 830 eo
402 814 485 831 videatur
494 813 546 830 aliter
556 813 682 830 ordinandum.

219 846 351 863 Exatninatione
364 846 436 868 quidem
450 849 468 863 et
478 845 609 869 approbatione
621 846 643 862 de
656 846 767 863 sussieiencia
780 846 857 863 scientie
872 846 962 863 studentis
975 845 1042 866 habita,
1055 850 1103 863 ante-

176 884 225 902 quam
238 882 257 895 ut
270 878 327 895 lector
340 878 401 901 legere
414 878 495 901 incipiat,
506 878 528 895 de
541 884 650 902 quocunque
663 878 735 895 studio'
746 884 839 899 reversus,
850 878 906 896 libros
917 878 998 896 valentes
1011 878 1102 895 communi

175 911 286 928 extimatione
296 911 397 934 pecuniam,
406 917 458 934 quau·
469 917 478 928 a
489 911 581 934 provincia
591 911 666 934 recepit,
678 911 734 934 priori
744 911 850 934 provinciali
861 915 879 928 et
888 911 1036 934 procuratoribus
1045 911 1102 934 ipsius

175 944 271 967 provincie,
282 944 300 960 in
310 950 344 966 qua
357 944 396 966 ejus
408 943 450 960 libri
463 947 504 966 post
517 947 593 960 mortem
606 949 656 960 suam
670 949 763 960 remanere
776 943 850 964 debent,
861 943 973 966 integraliter
985 943 1073 966 assignet,
1086 947 1104 960 et

175 982 206 999 pro
216 976 282 993 lectore
292 982 328 993 non
339 976 425 993 habeatur
437 982 533 999 quousque
547 976 600 993 non¹⁰
614 975 746 999 adimpleverit.
757 977 779 992 Et
791 976 841 998 prior
853 976 954 998 premissos
966 975 1024 992 libros
1036 976 1104 993 scribat

174 1010 192 1026 in
201 1009 247 1026 libro
256 1009 378 1031 procuratoris
388 1012 406 1026 et
416 1009 498 1026 sacriste,

216 1042 233 1059 Si
246 1047 288 1058 vero
300 1042 366 1064 aliquis
378 1045 479 1059 conventus
493 1042 531 1059 suis
541 1042 627 1064 expensis
637 1041 718 1058 Parisius
728 1041 750 1058 ad
760 1041 841 1058 studium
851 1041 929 1064 aliquem
942 1041 1020 1058 voluerit
1032 1041 1103 1058 mittere

173 1075 195 1091 de
204 1074 288 1091 fratribus
300 1075 345 1095 suis,
356 1074 440 1091 volumus
452 1075 502 1098 quod
513 1075 532 1091 id
545 1074 580 1091 sibi
593 1074 652 1095 liceat,
664 1074 762 1091 dummodo
774 1074 822 1091 adsit
832 1074 916 1097 specialis
927 1074 999 1090 licentia
1011 1074 1103 1097 generalis

173 1107 244 1130 prioris,
254 1107 277 1124 ita
287 1110 347 1124 tamen
356 1107 405 1130 quod
417 1113 450 1130 per
462 1107 497 1124 hoc
509 1113 545 1124 non
557 1107 645 1124 eximatur
656 1113 665 1123 a
679 1107 771 1124 communi
782 1106 853 1123 honore
865 1107 883 1123 in
897 1113 933 1129 quo
946 1106 1001 1124 debet
1010 1107 1103 1130 provincie

173 1140 287 1162 responderet
299 1139 418 1156 studentibus
428 1140 501 1162 quidem
512 1140 592 1157 Parisius
602 1139 694 1162 generalis
705 1140 800 1162 provideat
812 1139 835 1156 de
847 1139 914 1157 vicario
928 1139 956 1156 vel
968 1139 991 1156 de
1001 1140 1062 1162 priore
1072 1139 1103 1162 qui

172 1178 207 1188 non
217 1172 240 1189 sit
249 1172 348 1188 studens¹¹.
359 1172 465 1189 Conventus
478 1178 522 1189 vero
534 1173 565 1195 qui
578 1172 617 1189 suis
630 1172 716 1195 expensis
728 1172 801 1189 fratrem
814 1172 892 1195 aliquem
905 1172 986 1189 Parisius
999 1172 1069 1189 miserit
1081 1172 1102 1189 ad

172 1204 286 1226 studendum,
296 1210 336 1222 cuin
347 1205 395 1222 idem
405 1205 483 1222 studens
492 1205 515 1222 ad
525 1205 626 1227 profectum
636 1205 720 1222 doctrine
730 1205 807 1226 venerit,
819 1205 854 1222 nisi
867 1211 899 1228 pro
913 1210 990 1223 excessu
1000 1205 1029 1222 vel
1040 1205 1102 1227 majori

171 1237 245 1254 utilitate
261 1241 278 1254 et
292 1237 361 1254 honore
376 1237 458 1258 Ordinis,
473 1243 509 1254 non
524 1241 640 1255 removeatur
654 1237 677 1254 de
692 1237 741 1254 dieto
757 1241 855 1255 conventu.
870 1238 892 1255 Et
905 1238 927 1259 si,
938 1237 987 1260 quod
999 1237 1053 1258 absit,
1063 1237 1102 1254 suis

171 1270 238 1286 meritis
250 1270 365 1292 exigentibus
376 1270 432 1288 suerit
441 1270 464 1287 de
477 1270 518 1293 ipso
530 1273 620 1287 conventu
634 1273 721 1291 remotus,
735 1270 777 1287 libri
789 1276 837 1294 quos
847 1274 947 1288 conventus
961 1270 1009 1286 idem
1021 1270 1070 1291 emit,
1084 1270 1102 1287 in

171 1302 232 1319 eodem
242 1302 282 1319 loco
292 1302 371 1320 debeant
382 1309 482 1320 remaneret
494 1303 512 1320 Si
525 1309 569 1320 vero
582 1302 616 1319 alia
625 1303 675 1325 justa
687 1309 742 1319 cansa
753 1304 839 1326 exigente
851 1306 965 1320 removeatur
977 1303 999 1319 de
1013 1303 1103 1325 premisso

229 1332 244 1340 n
253 1331 301 1343 chan.
312 1331 351 1343 vnio.
360 1332 406 1344 Para.
414 1332 431 1346 n,
440 1332 451 1343 1.
1032 1332 1041 1343 ο
