1273 1538
178 27 199 44 56
467 32 626 44 cunwunmm
642 32 736 44 urtvsns.
754 33 819 45 iuius.
1055 24 1100 44 [1292

178 69 245 87 tionem
255 69 324 92 aliquid
333 68 415 93 qualibet
422 73 490 87 remota
497 70 560 87 fraude
568 73 672 93 sttempwre
680 70 818 93 presumpserit„
827 69 886 92 ipsum
895 69 1002 93 privilegiis,
1011 68 1100 90 subsidiis,

178 103 248 126 gratiis,
256 103 357 121 honoribus
368 106 386 120 et
396 103 468 126 penitus
478 103 617 126 quibuscunque
626 103 717 126 suffragiis
727 109 747 121 ac
757 107 820 121 nostro
830 103 922 121 consortio
933 109 955 120 ex
962 109 1009 120 nunc
1018 102 1100 126 privatum

178 142 196 156 et
208 139 301 156 exclusum
315 142 403 162 perpetuo
416 145 458 156 esse
470 139 554 156 volumus
566 145 585 156 sc
598 139 650 156 etium
659 139 770 156 nuntiamus.
780 139 818 156 Hoc
828 138 906 161 proinde
917 138 1043 162 adjungentes„
1056 138 1101 161 quod

178 172 244 196 aliquis
257 172 343 196 magister
357 172 404 190 inter
417 178 451 190 nos
466 178 532 196 regens
545 172 590 189 tales
604 172 723 189 bachellarios
734 175 839 195 presentare
849 175 865 189 et
876 172 938 189 audire
951 172 970 189 in
980 172 1100 189 communibus

178 206 206 223 vel
215 206 294 229 propriis
302 212 338 223 non
347 209 445 229 presumat.
453 206 507 228 Quod
515 205 531 223 si
538 206 608 227 fecerit,
616 206 702 229 predictis
713 205 798 223 omnihus
808 206 855 223 sicut
862 209 879 223 et
887 205 1007 223 bachellarios
1015 205 1100 229 predictos

177 239 237 263 ipsum
248 239 342 257 exclusum
352 239 463 263 precipimus
478 243 497 257 et
509 245 550 257 esse
564 240 648 257 volumus
659 240 697 263 jam
710 239 806 263 privatum.
816 240 894 263 Insuper
907 239 999 263 magistris
1011 239 1073 257 artium
1084 239 1100 257 in

177 273 261 291 facultate
271 277 333 291 nostra
344 279 380 290 non
393 273 500 297 regentibus
512 273 617 295 suademus,
627 279 650 290 ne
659 273 705 290 tales
715 273 835 291 bachellarios
846 277 951 296 presentare
963 279 982 291 ac
996 273 1014 290 in
1026 279 1101 290 commu-

178 307 233 324 nibus
249 307 277 324 vel
291 307 369 330 propriis
384 307 448 324 audire
462 307 525 328 velint⁷
540 313 573 324 nec
589 307 640 324 etiam
655 310 717 324 contra
731 310 834 330 presentem
848 307 980 324 ordinationem
995 313 1026 330 pro
1039 307 1100 325 talibus

178 340 293 358 hachellariis
302 340 372 364 aliquid
381 340 466 358 duxerint
475 340 622 363 attemptandum.
632 341 676 358 Nam
689 344 751 358 contra
761 340 812 362 tales,
824 340 840 358 si
849 341 880 364 qui
890 341 1009 364 reperiantur,
1020 344 1100 364 quantum

178 374 201 391 de
210 374 253 397 jure
264 374 319 391 fuerit
331 375 458 397 procedemus.
470 375 515 392 Sunt
528 374 575 391 enim
588 374 609 400 ud
622 380 748 398 quemcunque
760 378 825 392 sutum
841 374 892 397 ipsos
904 374 990 392 devenire
1002 375 1100 398 contigerit,

175 408 279 431 juramento
295 408 371 429 astricti,
385 408 434 431 quod
449 414 540 431 nunquam
556 411 617 425 contra
632 408 733 425 facultatem
747 411 826 425 nostram
839 407 936 431 predictam
950 408 1018 431 aliquid
1033 408 1099 430 facient,

178 441 227 464 qnod
238 441 297 464 possit
308 442 327 459 in
341 442 431 459 facultatis
447 442 515 465 prefate
529 441 625 465 dampnum
637 443 702 459 cedere
715 448 734 459 ac
749 442 862 465 gravamen!
877 442 940 459 Datum
954 445 972 459 et
984 445 1042 459 actum
1057 443 1100 465 apud

178 475 196 492 S.
211 475 301 492 lulianum
317 476 416 499 Pauperem
429 475 448 492 in
463 475 516 498 plena
527 475 668 499 congregatione
682 475 771 493 facultatis
784 479 847 493 nostre
861 481 908 492 anno
921 475 994 493 Domini
1009 475 1100 493 millesimo

178 509 317 530 CCLXXXXH,
323 509 376 526 nonis
385 509 434 526 Maii.
440 510 460 526 In
468 515 545 532 quorum
554 509 634 526 omnium
642 509 698 527 robur
706 513 723 526 et
731 509 853 526 testimonium
863 513 966 532 presentem
974 509 1100 527 ordinationem

178 549 291 560 communem
302 543 370 566 sigillis
380 546 457 566 quatuor
467 543 560 561 nationum
570 543 654 560 duximus
664 543 791 560 roborandam-

223 592 256 604 Mus.
262 592 322 605 Britann,
330 596 355 605 rm.
362 592 404 604 additi
413 592 455 607 sulm,
464 593 486 605 tol,
494 593 526 605 ¹4¹1·
532 592 568 609 (otim
575 592 615 608 11⁹⁸).
624 600 638 602 —
646 593 707 607 Butueu«,
715 593 738 607 111,
747 593 774 605 5⁰1.

222 635 233 647 1.
241 634 256 647 V.
263 639 304 651 rupi-n
311 634 328 647 η’·
335 635 362 650 56⁹,
370 635 397 647 578.
405 635 423 647 De
430 634 490 647 examine
497 635 562 652 supa-tori
569 637 582 647 et
589 635 648 648 interim-i
655 636 672 648 et.
680 637 711 648 urm.
719 636 729 650 1,
736 640 750 652 p.
757 636 784 650 570,
791 636 818 650 571,
826 637 862 647 notu.
870 642 884 644 —
892 636 903 648 2.
912 635 932 648 Cr.
938 637 970 648 ωιιι.
977 635 988 650 Ι,
995 637 1009 647 n·
1016 635 1043 648 ant⁴

175 729 231 749 580.
242 733 352 747 concamium,
361 733 420 747 eratus
427 734 498 747 umorum
505 733 523 747 «ιε
530 733 583 747 studiis
591 736 604 747 ,ι
611 733 702 747 ,tuaene-was
709 733 777 747 Parisiis.

658 776 744 790 mmmm„
750 780 769 789 aa.
778 776 817 792 7222
824 776 865 794 [uu-11·
869 776 890 791 2⁵.
898 776 951 790 ruma
951 776 964 794 J.

219 815 245 831 De
262 813 349 831 fratribus
364 813 439 831 lecturis
455 813 558 831 Sententias
574 817 592 831 et
606 814 627 831 ad
643 814 767 837 magisterium
784 814 911 837 presentandis
927 813 1007 831 Parisius
1023 814 1101 831 minister

175 848 269 871 provideat
278 848 376 871 generalis.
388 848 407 865 Si
416 851 476 865 tamen
486 848 533 864 idem
546 848 629 865 minister
641 854 662 865 ex
676 848 735 871 aliqua
745 854 798 865 causa
809 848 932 871 provisionem
942 848 1046 871 hujusmodi
1056 848 1101 865 Pari-

175 881 232 899 siensi
242 881 340 899 conventui
350 881 447 905 aliquando
458 881 534 899 duceret
542 881 695 902 committendam,
704 881 732 899 vel
741 881 757 899 si
767 881 821 899 etiam
831 882 922 905 generalis
931 881 1027 899 ministerii
1035 885 1101 899 vacaret

174 915 253 933 officium
263 921 297 932 nec
306 915 399 939 generalis
410 915 493 932 minister
505 918 556 933 antea
569 915 685 938 providisset„
697 918 739 932 tunc
752 915 799 932 idern
813 915 921 933 Parisiensis
934 918 1034 933 conventus
1045 915 1101 938 provi-

174 949 216 967 deat
230 949 329 966 secundum
345 949 393 966 illam
408 949 484 966 formam
499 954 551 972 quam
569 949 654 966 dominus
667 949 722 966 frater
739 948 822 966 Matheus
838 949 941 970 cardinalis=
956 953 998 966 tunc
1014 948 1101 972 generalis

174 983 264 1004 minister,
275 983 322 1006 apud
335 983 535 1006 Montempessulanum
547 983 638 1000 ordinavit
652 982 670 999 in
684 982 788 1006 provisione
800 983 906 1006 hujusmodi
921 982 1066 1000 observandam'⁴
1082 983 1103 999 Et

174 1019 195 1033 ut
203 1016 239 1039 ipsi
249 1016 330 1039 generali
340 1016 424 1034 ministro
434 1016 462 1034 via
472 1019 532 1040 pateat
544 1016 609 1034 melius
621 1016 736 1039 providendi,
747 1016 825 1034 ministri
838 1019 855 1033 et
868 1016 942 1034 discreti
952 1016 1043 1040 generalis
1053 1016 1102 1039 Capi-

175 1049 207 1066 tuli
218 1055 250 1073 per
260 1049 382 1067 obedientiam
392 1049 410 1066 ei
419 1050 513 1067 nominare
523 1053 619 1067 teneantur
628 1050 647 1067 in
657 1049 730 1073 scriptis
741 1049 783 1067 illos
793 1053 811 1067 et
820 1056 856 1066 non
867 1049 913 1067 alios
921 1055 967 1073 quos
975 1049 998 1066 de
1008 1050 1102 1073 provinciis

174 1083 213 1100 suis
225 1083 247 1100 ad
260 1082 358 1106 legendum
370 1083 473 1101 Sententiae
483 1083 563 1101 Parisius
575 1086 611 1101 tam
623 1083 692 1101 ratione
704 1083 740 1100 vite
751 1089 803 1106 quam
814 1083 890 1101 scientie
900 1083 982 1107 ydoneos
991 1083 1101 1107 judicabunt.

175 1117 198 1134 Et
206 1116 255 1133 istud
267 1120 373 1140 preceptum
385 1116 405 1134 in
417 1116 500 1140 quolibet
511 1117 592 1140 generali
602 1117 686 1140 Capitulo
698 1120 803 1134 renovetur.
814 1117 922 1140 Quicunque
935 1117 988 1134 etiam
1000 1117 1030 1134 alii
1039 1116 1103 1134 hahent

175 1150 268 1167 nominare
278 1149 307 1167 vel
318 1150 387 1173 eligere
396 1150 462 1167 tratres
472 1151 571 1174 predictos,
582 1156 614 1174 per
624 1150 745 1167 obedientiam
756 1154 852 1168 teneantur
861 1150 931 1174 eligere
938 1156 971 1168 seu
981 1151 1073 1168 nominare
1083 1157 1103 1168 ex

174 1183 260 1200 omnibus
275 1183 360 1201 meliores
374 1186 393 1200 et
405 1183 485 1206 aptiores
499 1190 532 1200 suo
542 1184 613 1206 judicio
628 1183 650 1201 ad
662 1184 767 1206 hujusmodi
781 1184 839 1201 officia
853 1184 965 1207 exequenda.
975 1184 1035 1201 Placet
1047 1187 1102 1201 tamen

174 1216 256 1240 generali
268 1216 353 1239 Capitulo
366 1216 416 1240 quod
428 1216 501 1233 illorum
515 1217 546 1240 qui
559 1217 639 1234 Parisius
653 1220 695 1234 sunt
709 1217 774 1234 lecturi
788 1217 891 1234 Sententias
904 1217 933 1234 vel
946 1217 968 1234 ad
982 1217 1102 1240 magisterium

173 1250 291 1273 presentandi
302 1250 366 1267 tertius
377 1255 450 1273 semper
459 1249 482 1266 de
492 1250 585 1273 provincia
595 1250 677 1270 Francie.
687 1250 717 1267 alii
729 1256 772 1267 vero
785 1250 822 1267 duo
835 1250 858 1267 de
871 1250 911 1267 aliis
921 1250 1020 1273 provinciis
1031 1250 1103 1268 Ordinis

174 1284 232 1307 magis
245 1283 312 1307 ydonei
326 1287 448 1305 assumantur,
464 1283 487 1300 ita
501 1287 560 1301 tamen
574 1284 622 1307 quod
636 1287 709 1307 propter
722 1283 757 1301 hoc
770 1290 807 1301 non
819 1287 947 1307 promoveatur
959 1283 1025 1307 aliquis
1036 1284 1103 1302 insuffi-

174 1317 225 1335 ciens
234 1317 257 1334 ad
269 1317 327 1335 officia
337 1317 447 1340 supradicta,
458 1323 491 1334 nec
504 1317 588 1340 potestati
600 1317 692 1340 generalis
702 1317 780 1335 ministri
793 1317 917 1340 prejudicetur
928 1318 946 1334 in
959 1317 1019 1340 aliquo
1032 1318 1074 1340 quin
1086 1318 1103 1335 in
