1273 1538
170 38 192 55 74
461 42 620 54 cnanrvzsniun
637 43 732 55 umvsns.
750 43 814 54 mnis.
1053 36 1101 54 [1296

170 79 251 96 votivum
268 82 286 96 et
302 84 411 102 prosperum
427 79 545 102 vigilantibus
563 80 628 96 studiis
646 80 767 96 intendamus.
784 80 824 96 Non
841 78 889 95 enim
906 79 929 95 de
948 79 1006 95 nostri
1025 78 1101 95 sacrario

172 111 251 135 pectoris
261 111 329 129 oblivio
340 112 439 134 dampnosa
449 112 547 135 subripuit,
558 112 601 135 quin
612 113 673 135 potius
683 112 741 129 tenaci
752 112 838 129 memoria
848 111 955 132 retinemus,
963 111 1012 134 quod
1022 111 1100 133 ejusdem

172 145 250 162 ecclesie
264 145 338 168 copiosa
352 145 456 168 henibmitas
469 150 502 162 nos
515 145 565 165 olim⁷
576 145 618 161 duin
632 145 651 162 in
664 144 766 161 minoribus
780 142 882 168 ageremus',
894 145 917 161 de
931 144 989 167 ipsius
1003 144 1101 161 honorabili

172 178 242 201 gremio
256 179 355 195 existentes
368 178 413 195 fovit
425 181 442 194 et
455 178 536 195 tractavit
547 180 567 194 ut
579 177 643 198 filium,
655 177 742 194 maternis
755 178 803 200 pavit
815 181 833 194 et
844 177 908 194 refecit
920 177 1015 198 uberibus,
1026 177 1102 199 respexit

172 211 242 234 gratiis.
254 211 348 228 beneficiis
359 210 459 227 honoravit.
471 210 551 233 Ideoque
561 216 597 227 non
608 210 697 227 immerito
708 210 756 227 illam
767 210 812 227 infra
823 211 902 227 caritatis
912 210 981 227 viscera
994 210 1073 233 gerimus
1085 214 1102 227 et

173 244 258 267 specialis
272 244 339 261 favoris
353 243 443 261 affluentia
460 243 578 260 confovemus
595 243 695 266 apostolice
712 243 762 260 sedis
779 247 840 266 partes
857 243 943 261 solertius
960 243 1068 264 adhibendo,
1083 246 1102 260 ut

173 278 255 300 ejusdem
268 280 325 294 status
339 277 416 294 ecclesie
429 276 505 293 lionoris
515 275 620 299 multiplicis
630 276 741 293 incrementa
753 277 847 299 suscipiat,
857 276 942 293 felicibus
954 277 1038 293 fulciatur
1050 283 1101 293 even-

173 310 228 330 tibus.
238 313 256 327 et
263 309 381 327 successibus
389 310 483 332 prosperis
491 309 604 330 fecundetur,
614 313 633 326 ut
642 310 681 332 ipsa
689 310 741 332 quasi
751 316 784 332 per
793 310 885 332 condigne
893 310 1018 326 retributionis
1026 310 1100 327 ossicium

173 343 191 359 in
202 342 255 359 nohis
265 343 365 365 gratiosum
376 342 431 365 patris
441 343 525 359 ass'ecturn
535 348 568 365 per
577 343 660 360 effectum
671 343 756 363 inveniat,
767 348 802 365 quc
815 343 902 359 anteactis
916 342 1028 365 temporibus
1042 346 1101 360 nostro

172 376 231 392 dulcia
249 375 310 392 matris
327 375 384 392 ubera
400 375 462 398 gustui
480 375 588 398 propinavit.
606 376 652 392 Sane
669 376 807 392 considerantes
826 376 912 392 attentius
928 379 947 392 ut
965 376 1010 392 infra
1027 376 1101 393 claustra

171 408 251 431 pectoris
266 408 344 425 sollicite
361 409 482 429 revolventes„
498 408 546 431 quod
563 408 581 425 in
599 409 665 431 prefata
682 409 780 425 Parisiensi
798 408 881 429 ecclesia,
898 408 915 425 in
931 414 965 432 qna
983 412 1035 431 prout
1051 408 1101 426 nobis

172 441 258 458 hactenus
275 441 293 458 in
310 441 341 458 illa
358 441 474 464 presentibus
494 441 579 464 proprius
598 441 685 458 indicavit
703 444 787 464 aspectus
807 445 824 458 et
842 441 884 458 sacti
903 441 993 458 evidentia
1013 442 1101 463 revelavit,

172 474 258 497 copiosus
271 478 288 491 et
302 474 399 491 laudabilis
412 474 540 491 canonicorum
554 478 571 491 et
583 474 657 491 aliarum
669 480 787 497 pei-sonarum
799 480 885 491 numerus
896 474 914 491 in
925 475 955 491 illa
967 474 1070 497 degentium
1080 475 1101 491 ad

172 508 205 525 Dei
213 507 284 524 laudeni
295 511 313 524 et
322 508 400 531 gloriam
407 508 477 531 jugiter
487 508 622 529 conservatur',
633 508 743 528 necessaria,
753 508 804 524 utilis
815 511 832 524 et
841 508 933 525 fructuosa
945 514 997 530 quam
1007 508 1100 530 plurimum

171 541 210 558 sore
223 541 324 558 dinoscitur
335 541 405 562 decani,
418 541 498 558 cantoris
509 545 526 558 et
537 541 639 558 cancellarii
649 541 750 564 corporalis
765 541 865 563 sedulaque
875 541 973 563 presentia„
985 541 1101 558 consideratis

171 577 189 591 et
202 574 291 591 discussis
305 574 392 591 attentius
404 574 427 591 iis
439 580 474 596 que
487 574 509 590 ad
520 580 582 591 eorum
593 577 694 591 noscuntur
703 574 761 591 officia
772 574 870 597 pertinere,
882 577 979 596 pensantes
992 574 1043 591 etiam
1055 575 1101 597 quod

171 607 248 624 ecclesia
258 607 361 630 supradicta
370 608 441 624 favente
450 607 482 624 illo
490 613 499 624 a
507 613 543 630 quo
551 607 641 624 bonorum
651 607 732 624 omnium
742 607 789 624 dona
798 610 876 628 manant,
885 607 956 624 facilius
966 610 983 624 et
993 607 1102 624 commodius

171 641 237 663 poterit
246 643 296 663 grata
307 640 325 657 in
336 640 462 663 spiritualibus
472 644 490 657 et
503 640 634 663 temporalibus
647 641 759 657 incrementa
772 640 873 663 suscipere,
884 641 899 657 si
912 646 998 663 persone,
1009 640 1102 663 dignitates

171 679 203 690 seu
214 676 322 696 personatus
333 673 351 689 in
365 673 427 690 eadem
443 673 520 690 ccclesia
533 673 644 695 obtinentes,
654 679 695 690 cum
710 673 749 696 ipse
764 673 867 696 potioribus
882 673 952 690 soleant
964 673 1038 690 rutilare
1049 674 1102 691 virtu-

172 706 221 723 tibus
231 710 249 723 et
258 706 317 723 altiori
328 706 398 723 clarere
408 706 481 723 cumulo
490 707 602 727 meritorum,
610 706 728 723 residentiam
738 706 783 723 inibi
794 707 860 723 saciant
870 707 984 729 personalem
994 712 997 723 ε
1007 707 1102 729 apostolica

171 740 276 757 auctoritate
292 740 388 757 statuimus
402 743 419 757 el
430 740 483 757 etiam
496 740 602 757 ordinamus
616 743 636 756 ut
649 740 735 761 decanus,
746 743 810 757 cantor
823 743 841 757 et
854 740 973 757 cancellarius
987 740 1044 763 ipsius
1057 740 1103 757 Pari-

172 774 239 790 siensis
252 774 337 795 ecclesie,
350 773 381 796 qui
392 779 425 796 pro
437 777 519 796 tempore
531 774 605 794 suerint,
620 774 701 790 residere
714 774 800 791 continue
814 774 832 790 in
845 773 922 790 ecclesia
936 774 975 796 ipsa
987 774 1104 796 personaliter

172 807 282 827 teneantur',
294 807 380 829 quodque
391 807 413 823 de
424 806 458 823 hoe
468 807 486 823 in
497 812 530 823 sue
543 807 662 824 institutionis
673 807 731 827 initio,
743 807 874 824 nichilominus
886 807 904 823 in
915 807 989 829 capituli
999 807 1104 824 Parisiensis

171 840 270 863 presentia,
280 842 363 862 prestent
373 840 493 862 corporaliter
500 840 632 862 jurainentum;
644 843 662 856 et
672 840 720 862 quod
733 840 786 857 etiam
800 843 862 857 contra
876 840 982 862 hujusmodi
995 843 1078 857 statutum
1088 843 1105 857 et

171 873 304 890 ordinationem
315 873 384 890 litteras
394 873 423 890 vel
433 873 530 896 privilegia
540 873 621 896 quelibet
631 873 652 889 ah
663 873 762 896 apostolica
772 873 816 890 sede
826 873 855 890 vel
864 872 931 896 legatis
941 873 999 896 ipsius
1010 879 1041 896 per
1051 879 1070 890 se
1077 873 1104 890 vel

170 907 225 924 aliurn
238 910 268 923 aut
281 907 327 924 alios
341 907 445 923 nullatenus
458 906 587 929 impetrabunt,
601 912 635 923 nec
650 909 724 923 utentur
737 907 839 930 privilegiis
854 907 883 924 vel
897 906 1018 930 indulgentiis
1032 906 1104 929 quihus-

170 946 241 963 cunque
261 940 356 963 personis,
376 939 491 962 quibuslibet
510 939 640 956 ecclesiasticis
659 939 687 956 vel
707 940 825 957 secularibus
844 940 970 962 cujuscunque
990 939 1104 960 conditionis,

171 973 308 996 preeminentie,
317 973 412 996 dignitatis
422 976 453 990 aut
461 976 519 990 status
526 979 536 989 a
544 973 612 995 prefata
619 973 664 990 sede
672 973 767 990 concessis
775 973 870 994 hactenus,
879 972 908 990 vel
917 972 935 989 in
943 976 1035 995 posterum
1044 979 1105 990 conce-

170 1006 242 1023 dandis.
260 1006 381 1029 Indulgemus
398 1009 457 1023 tamen
474 1006 550 1027 decano,
567 1006 637 1023 cantori
654 1009 672 1023 et
688 1006 796 1023 cancellario
815 1006 932 1029 supradictis,
948 1009 966 1023 ut
983 1011 1015 1028 per
1031 1006 1105 1023 duorum

173 1039 262 1056 mensium
273 1039 355 1062 spacium
368 1039 421 1056 annis
435 1039 515 1062 singulis
527 1039 580 1056 liceat
594 1043 643 1056 extra
657 1040 742 1062 prefatam
757 1039 878 1056 Parisiensem
892 1039 987 1056 ecclesiam
1001 1039 1023 1055 ad
1037 1044 1106 1062 promo-

173 1072 240 1089 tionem
257 1072 373 1095 negotiorum
392 1078 466 1089 suorum
483 1072 542 1089 libere
558 1072 673 1093 commorari,
691 1072 714 1089 de
733 1072 830 1089 cotidianis
847 1072 1008 1089 distributionibus
1027 1072 1105 1095 ejusdem

173 1105 250 1122 ecclesie
261 1105 317 1122 nichil
329 1108 371 1122 tunc
385 1105 472 1128 temporis
484 1106 593 1128 percepturi.
605 1106 685 1128 Tempus
697 1111 740 1122 vero
752 1111 788 1128 quo
800 1105 896 1126 decanum,
908 1108 1000 1122 cantorem
1013 1109 1030 1122 et
1041 1105 1106 1122 cancel-

173 1138 237 1155 larium
251 1138 352 1161 prelibatos
364 1144 396 1161 pro
408 1138 482 1161 capituli
494 1138 570 1161 sepefati
583 1138 662 1161 negotiis
675 1138 698 1155 de
710 1138 769 1161 ipsius
780 1139 852 1155 licentia
864 1138 940 1161 speciali
951 1139 1033 1155 fortassis
1045 1138 1107 1156 abesse

172 1171 270 1194 contigerit
285 1171 307 1188 ab
323 1171 400 1188 eeclesia
413 1174 518 1190 memorata.
529 1171 547 1188 in
560 1171 622 1188 eadem
638 1171 737 1188 residentia
751 1174 874 1194 computetur,
888 1171 960 1194 ipsique
972 1171 1107 1189 distributiones

172 1204 274 1227 percipiant
286 1207 304 1221 et
316 1204 395 1221 habeant
407 1204 528 1226 supradictas⁷
542 1210 575 1221 nec
587 1204 641 1221 liceat
655 1204 786 1227 prenominatis
801 1204 878 1225 decano,
891 1205 960 1221 cantori
974 1208 992 1221 et
1004 1205 1106 1222 cancellario

173 1237 228 1254 simul
240 1243 273 1260 per
285 1237 332 1254 duos
345 1243 418 1254 menses
430 1237 506 1254 eosdem
520 1243 541 1254 se
555 1237 577 1254 ab
592 1237 669 1254 ecclesia
684 1237 723 1260 ipsa
738 1237 877 1260 quomodolibet
891 1237 993 1259 absentare,
1008 1242 1036 1255 set
1049 1238 1106 1261 aliquo

173 1276 237 1288 eorum
250 1270 325 1288 absente
338 1270 404 1294 reliqui
416 1270 508 1287 resideant
519 1270 591 1287 interim
603 1271 621 1287 in
629 1271 699 1288 eadem,
712 1271 735 1288 Ut
746 1273 805 1287 autem
817 1270 923 1293 hujusmodi
935 1274 1020 1288 statutum
1032 1274 1048 1288 et
1063 1271 1106 1288 ordi-

171 1304 220 1321 natio
232 1307 294 1321 nostra
306 1304 362 1321 robur
374 1303 468 1321 obtineant
479 1306 566 1326 perpetue
578 1303 675 1325 firmitatis,
687 1310 721 1321 nos
731 1303 838 1321 auctoritate
850 1304 933 1326 predicta
946 1304 1016 1321 irritum
1028 1307 1045 1321 et
1056 1305 1106 1321 inane

234 1333 253 1345 10.
