1273 1538
175 46 207 63 146
379 60 383 64 ,
461 51 620 63 culinum-timum
639 52 733 63 umvens.
750 52 815 63 rmus*
1053 45 1097 64 [1310

174 106 231 125 686.
242 111 313 129 Magister
324 111 410 125 mancinus
419 111 499 125 Camerata
509 111 590 130 Robertum,
599 111 658 125 Siciliae
668 116 719 129 regem,
727 113 773 129 rugat,
784 113 799 124 m
809 112 827 129 fr.
835 112 893 125 Petrum
903 111 921 125 ae
930 111 991 129 aarum,
1001 111 1033 124 era.
1043 111 1096 125 Eremia.

218 136 233 149 s.
241 136 323 154 Augustani,
332 136 390 149 omma
397 136 411 149 ει.
418 136 490 154 theologia
497 135 561 154 mantia,
570 136 638 150 tectarum
645 136 712 149 Parsia:
719 136 766 149 nam
772 136 852 154 pumma,

802 180 881 196 1309431οῙ
888 180 964 198 [Putitii-J.

219 222 298 239 Domino
312 228 353 243 suo,
368 222 442 239 domino
459 221 551 243 R[oberto]
568 222 600 238 Dei
617 221 675 245 gratia
691 221 804 239 Jherusalem
819 225 837 238 et
851 222 912 239 Sicilie
927 221 1048 239 illustrissimo
1063 222 1098 245 regi

175 255 283 273 Franciseus
293 255 406 277 Caracolus',
415 261 456 272 eum
464 258 547 278 prompte
555 254 659 272 obedientie
667 254 735 276 debito„
744 258 761 272 et
769 254 834 272 devote
843 255 1007 272 recomendationis
1014 255 1097 277 instantia,

175 288 269 305 minimum
280 288 299 305 id
308 288 357 311 quod
367 291 401 305 est.
412 288 431 305 Si
441 288 504 311 regina
513 288 564 309 Saba,
573 288 641 305 celebri
649 289 694 305 fatua
705 288 807 305 Salomonis
816 288 883 310 audita,
894 291 912 305 et
921 288 1008 305 immense
1018 288 1098 311 sapientie

175 322 250 338 veritate
260 322 328 344 majore
341 321 385 338 satis
395 321 483 344 divulgati
493 321 516 338 de
529 321 559 338 illa
572 321 650 338 ruinoris
660 321 768 344 loquacitate
779 325 872 344 conperta,
883 321 946 338 beatos
956 321 1005 338 viros
1014 325 1032 338 et
1041 327 1098 338 servos

176 354 255 371 asseruit
262 354 345 376 ejusdem
353 354 460 377 conspectui
468 360 501 378 pro
510 354 626 377 suscipiende
635 355 728 371 fructuose
736 354 818 371 doctrine
826 355 903 372 comodo
911 354 1017 372 assistentes
1026 360 1030 371 :
1038 354 1099 372 debent

176 387 244 410 singuli
257 387 320 404 mundi
332 391 414 405 rectores
427 391 445 404 et
457 388 557 411 principes,
572 387 626 405 debet
640 391 658 404 et
671 388 756 405 universa
771 387 852 404 fidelium
866 387 963 404 multitudo
977 391 1025 404 tanto
1040 388 1098 405 fortius

176 420 257 437 vestros'
270 420 381 443 regnicolas,
395 424 413 438 et
425 420 471 438 alios
484 424 543 438 vestre
557 420 621 438 ditioni
635 420 735 443 subjectos,
748 420 782 437 hos
792 421 879 444 precipue
893 426 940 443 quos
953 420 1035 443 specialis
1047 421 1097 437 vestri

176 453 290 476 prerogativa
300 454 367 471 favoris
379 454 473 477 amplioris
483 454 574 477 privilegii
586 454 644 477 gratia
654 453 689 471 sibi
700 453 811 471 domesticos
824 457 842 471 et
855 453 952 471 familiares
968 453 1029 477 elegit,
1041 453 1097 471 felices

176 486 194 503 in
205 486 237 504 hac
250 486 317 510 regalis
327 487 383 504 vestri
394 487 468 504 dominii
480 487 558 504 novitate
568 493 650 508 censere,
661 490 728 509 quanto
739 487 801 509 nupsit
810 487 828 503 in
841 487 893 504 vobis
906 486 932 503 illi
945 487 999 509 longe
1009 486 1098 509 dispariter

176 519 224 537 clare
237 520 358 543 intelligentie
370 520 449 541 castitas,
462 523 481 537 et
492 520 588 543 prudentie
600 526 635 543 que
647 520 725 543 principi
737 520 810 543 propria
823 520 881 537 virtus
893 523 922 537 est
933 519 1030 543 singularis
1041 519 1098 537 obser-

176 553 235 570 vantia
247 553 334 576 pudicitie
347 553 455 576 conjugalis,
468 556 488 570 ut
499 553 538 570 vias
550 559 585 576 que
597 559 607 570 a
619 553 686 570 destris
698 556 746 574 sunt,
759 552 829 576 absque
841 553 971 570 sinistrationis
983 552 1097 576 obliquatione

175 589 266 607 tenentes,
281 586 298 603 ei
314 585 370 603 debiti
385 586 445 603 cultus
459 586 544 609 placeatis
559 586 655 609 obsequio,
670 587 686 603 ei
702 590 739 603 toto
753 586 814 603 cordis
829 586 928 603 inherentis
942 586 1012 607 affectu,
1026 586 1056 609 qui
1069 592 1097 609 pro

176 618 254 636 mirabili
265 618 379 642 providentie
389 625 422 636 sue
432 623 484 640 nutu,
495 625 542 636 nunc
553 625 608 642 regna
618 619 720 640 stabiliens,
730 625 778 636 nunc
788 619 886 640 divellens,
896 625 973 642 regnare
985 619 1014 636 dat
1024 619 1097 642 regibus,

176 655 194 668 et
203 651 317 675 principibus
328 651 422 675 imperare.
436 652 456 668 In
469 657 546 674 quorum
559 658 634 669 numero
645 658 673 669 me
686 652 728 669 lieet
740 652 811 669 meritis
821 652 921 673 minimum,
933 658 965 675 pro
976 656 1034 669 vestre
1045 656 1098 669 tamen

175 684 299 702 benivolentie
314 690 389 702 munere
403 685 513 708 quandoque
527 691 563 702 non
581 685 669 702 minorem
687 691 796 708 agnoscens,
814 686 913 708 majestatis
927 689 987 702 vestre
1002 685 1098 702 celsitudini

175 717 268 735 humiliter
283 717 372 740 supplico,
387 721 406 735 ut
419 718 478 735 eidem
492 718 545 735 michi
560 718 582 735 ad
596 724 629 735 vos
644 718 662 735 in
677 718 780 735 devotionis
795 719 898 741 integritate
911 719 942 741 qui
955 718 987 739 sui,
1002 724 1021 735 ac
1034 718 1049 735 si
1061 721 1097 735 voto

175 751 234 768 virtus
248 755 342 773 annueret,
357 754 427 775 promto
441 751 533 768 notificare
547 751 649 775 obsequiis,
663 752 712 775 quod
726 755 815 769 secretum
829 752 877 775 gerit
891 755 909 768 et
921 751 1002 769 abditum
1014 751 1098 768 interioris

176 785 272 802 electionis
282 785 381 806 occultum,
389 785 486 802 accedente
496 791 554 808 nuper
564 785 612 806 lieet,
621 788 641 802 ut
650 791 704 807 spero
714 785 796 806 firmiter,
804 788 891 802 consuete
902 785 996 802 clementie
1007 789 1024 802 et
1033 785 1098 802 affabili-

177 818 218 835 tatis
230 818 251 835 ad
264 818 324 835 bonos
336 818 434 835 radicatum
445 818 463 834 in
476 818 529 835 vobis
541 818 597 835 robur
607 818 681 835 minime
691 818 785 835 vellicante
798 818 840 835 novi
853 821 911 835 status
920 818 1000 841 fastigio,
1010 818 1058 835 illum
1070 824 1098 835 vos

177 851 263 868 exhibere
275 851 384 875 dignemini,
398 852 451 873 eujus
468 857 504 868 non
517 851 577 868 minus
594 851 661 868 absens
674 857 727 874 quam
740 857 817 874 presens
829 851 854 874 pii
868 851 978 874 presentiam
992 851 1067 868 numinis
1082 851 1099 868 in

176 885 280 902 continuata
297 884 392 908 magnifice
407 884 537 902 beneficiorum
552 885 673 902 subventione
690 885 769 907 percepi.
787 885 918 908 Supplicationi
935 884 977 902 huic
994 891 1029 902 non
1045 884 1098 902 minus

176 924 198 935 ex
211 918 273 939 eorde,
284 924 337 941 quam
350 919 390 940 ejus
402 924 437 941 que
449 918 520 935 veritati
532 918 635 941 congaudet
646 918 726 941 benigne
739 918 819 935 caritatis
831 918 906 941 inpulsu
919 918 960 940 quia
973 922 1040 939 teneor,
1054 923 1099 935 reve-

177 955 239 968 renter
248 955 354 973 annectens,
365 954 384 968 ut
393 951 476 974 religiosi
487 951 520 968 viri
530 951 590 968 fratris
600 951 647 968 Petri
658 951 681 968 de
691 951 773 972 Narnia',
784 951 885 974 cappellani
896 951 951 968 vestri
962 951 1028 972 dilecti,
1040 957 1059 968 ac
1068 950 1099 968 mei

177 984 277 1006 spiritualis
287 985 305 1001 in
316 984 389 1002 Christo
400 984 503 1001 educatoris
514 988 532 1001 et
541 984 596 1006 patris
606 984 691 1006 (hominis
701 985 770 1007 utjque,
781 990 834 1007 quem
846 987 899 1007 prout
909 984 975 1001 melius
984 984 1099 1007 experimento

177 1017 261 1038 novistis,
272 1017 380 1040 exemplaris
390 1023 460 1034 morum
471 1017 566 1039 modestia,
576 1017 641 1034 celibis
651 1017 687 1034 vite
698 1018 789 1038 sanctitas,
800 1021 818 1034 et
827 1017 925 1034 eminentis
935 1017 1010 1034 scientie
1022 1017 1099 1034 notabilis

177 1050 256 1071 habitus„
272 1050 375 1073 eloquentie
390 1054 484 1068 venustate
499 1051 583 1072 decorus,
599 1057 631 1068 sun
645 1051 732 1068 concordi
747 1054 764 1067 et
778 1054 828 1074 grata
843 1051 930 1068 societate
944 1051 1071 1072 commendant,
1085 1054 1100 1067 et

178 1083 254 1106 dignum
271 1084 371 1106 magisterii
387 1089 467 1107 congrua
484 1084 589 1101 senioribus
605 1084 690 1101 cathedra
704 1084 752 1101 socia
769 1084 879 1100 exultatione
897 1084 1012 1106 proclamant)
1027 1084 1100 1107 pensatis

177 1116 300 1133 laudabilibus
313 1116 384 1133 actibus
398 1116 517 1139 honestisque
531 1117 632 1138 laboribus,
647 1117 715 1139 quihus
729 1123 762 1139 pro
779 1117 862 1134 mercede
879 1117 972 1139 gloriosus
989 1120 1016 1134 est
1031 1117 1099 1138 fructus,

178 1149 295 1166 excellentie*
306 1153 366 1166 vestre
379 1150 408 1172 pie
420 1150 493 1173 largiri¹
503 1150 613 1173 conplaceat,
624 1153 643 1167 ut
655 1154 728 1173 optenta
741 1150 759 1167 in
770 1150 862 1173 theologia
872 1150 954 1171 licencia,
966 1150 1044 1167 lecturus
1057 1150 1101 1167 Pari-

178 1183 216 1200 sius
227 1182 295 1203 redeat,
306 1186 324 1199 ct
333 1182 374 1199 aliis
384 1182 467 1199 docendo
478 1183 605 1204 communicet,
616 1188 651 1205 que
661 1183 739 1200 discenti
750 1183 785 1199 sihi
794 1189 826 1206 pro
835 1183 905 1200 viribus
913 1183 973 1200 studio
981 1186 1024 1200 sunt
1031 1189 1101 1200 commu-

178 1216 236 1233 nicata
255 1216 357 1232 doctorum.
375 1215 404 1232 Sic
425 1216 473 1232 enim
495 1216 555 1233 virtuti
576 1216 652 1232 honoris
668 1221 736 1233 corona
753 1222 789 1232 non
809 1216 874 1237 deerit,
892 1219 910 1233 et
926 1216 1014 1239 sapientie
1029 1216 1102 1239 pretiosa

178 1249 273 1271 possessio
287 1248 367 1271 jocunda
384 1248 419 1265 sibi
435 1249 568 1271 quamplurium
582 1249 719 1271 participatione
732 1249 824 1265 reddetur.
838 1249 931 1271 Siquidem
945 1252 991 1266 teste
1005 1249 1072 1270 Boetio,
1085 1249 1102 1266 fit

178 1282 273 1299 amabilior
287 1288 328 1299 culn
345 1282 364 1298 in
380 1287 476 1298 commune
493 1282 589 1299 deducitur
606 1282 645 1304 ipsa
662 1282 762 1304 speculatio
778 1282 865 1303 veritatis,
881 1288 916 1304 que
932 1282 976 1299 alias
990 1282 1102 1299 taciturnitate

178 1321 284 1338 conpressa,
294 1315 413 1337 jamjamque
424 1314 497 1332 silentio
508 1315 593 1337 peritura,
604 1314 658 1331 latius
670 1315 795 1335 efflorescens,
807 1314 829 1331 ab
840 1314 939 1332 oblivionis
948 1315 1022 1331 interitu
1031 1321 1102 1331 commu-

240 1344 255 1355 ιο
