1273 1538
170 44 191 61 40
460 50 617 63 οι-ῐιιιιτιιιμυυκ
634 51 728 63 [fluvi-:as⁴
745 52 810 63 mnis.
1048 44 1096 63 [1290

215 85 349 102 Committimus
363 85 487 103 auctoritatem
501 86 551 103 fratri
564 86 629 109 Egidio
642 87 729 107 Romano=
742 87 828 109 magistro
848 89 918 107 nostro,
933 89 952 102 ut
968 85 1026 108 possit
1038 85 1096 102 bacel-

171 118 226 136 larios
241 119 321 136 Parisius
334 119 357 136 ad
373 119 470 142 legendum
486 119 587 136 Sententias
601 125 671 140 vocare„
688 122 741 142 prout
755 119 790 136 sibi
805 125 837 142 pro
852 119 901 136 bono
916 119 991 136 Ordinis
1008 118 1097 136 videbitur

172 153 264 175 expedire,
275 153 323 176 quod
333 153 409 170 facimus
419 153 484 169 intuitu
495 158 580 175 persone,
591 155 610 169 ut
619 152 653 169 lioc
663 152 685 169 ad
695 152 842 175 consequentiam
853 158 890 169 non
900 152 979 169 trahatur
991 158 1013 169 ne
1025 155 1097 175 propter

171 186 205 203 hoe
216 186 272 203 ullum
283 186 347 203 Ordini
358 186 477 209 prejudicium
488 189 591 208 generetur.

218 240 249 252 Mn.
257 239 320 255 Gnrnmpi
328 239 341 251 tn
348 239 387 251 Αι-οιι.
394 239 423 250 Vnt.
431 243 447 251 ex
452 239 485 251 end.
492 238 544 251 Arenivi
552 239 565 250 s.
571 238 641 254 Aug-mini
648 239 664 250 de
671 239 710 250 nrhs.
719 238 739 250 et.
747 239 800 253 Toretlt,
808 238 953 254 SmliAyomntar-s,
961 239 975 253 v.
982 239 1002 250 ⁹³.

173 361 230 379 567.
242 364 342 378 Ordinationes
349 352 445 378 firmi-tarum
453 365 466 378 s.
474 364 551 382 Augustini
558 364 576 377 de
583 364 640 382 studies,
648 364 738 378 under-ethus
745 366 760 377 ee
766 364 842 378 lectoriam
850 364 904 382 raris„
912 366 925 378 ee
932 364 950 378 de
956 364 1029 382 sequenda
1035 364 1098 378 doctrina

217 389 284 407 maginri
290 388 348 407 Aegatis
355 389 373 402 de
381 389 430 402 Roma.

740 411 778 426 tna
785 415 830 425 mnu
837 411 873 426 Παῖο,
880 411 961 425 Παὶῖιῠοιυιε.

218 453 268 476 (Cap⁴
280 453 307 475 36)
319 453 405 475 Quolibet
417 452 510 476 provincia
522 456 583 470 nostre
596 452 692 476 religionis
703 458 775 476 semper
788 459 843 470 unum
855 453 927 470 fratrem
941 453 1042 470 studentem
1052 453 1099 470 Pari-

174 486 213 504 sius
227 486 291 503 habeat
304 486 323 503 in
336 486 396 503 studio
408 485 507 509 theologie,
517 486 570 509 cujus
580 486 644 503 electio
654 486 676 503 ad
687 486 815 509 provincialem
828 486 857 503 vel
871 486 956 503 vicarium
971 486 1073 509 generalem
1083 490 1099 503 et

173 519 281 537 diffinitores
291 520 364 543 capituli
376 519 493 543 provincialis
504 519 608 542 pertinebit;
623 520 653 542 qui
666 525 699 543 per
709 520 853 542 quinquennium
864 519 935 537 studeat
944 519 976 540 ibi,
987 523 1005 536 et
1014 519 1071 536 eidem
1082 520 1099 537 in

173 553 236 570 decem
246 553 298 570 libris
311 556 405 570 turonens
418 553 436 569 in
448 553 543 570 Nativitate
555 553 637 576 Virginis
649 553 731 576 gloriose
743 553 782 576 ipsa
794 553 886 576 provincia
899 553 992 576 provideat
1004 553 1098 570 annuatim.

173 586 201 603 Ad
211 586 278 603 dictum
291 589 350 603 autem
361 586 441 603 studium
454 586 509 603 frater
518 586 584 609 aliquis
594 592 631 603 non
641 586 721 603 mittatur
731 586 766 603 nisi
776 586 794 603 in
807 586 952 609 gramaticalibus
965 589 983 603 et
994 586 1099 609 logicalibus

173 619 197 636 sit
206 623 330 643 competenter
340 620 447 640 instructus,
457 623 475 636 et
485 619 508 636 sit
517 625 594 642 persona
605 619 686 640 humilis,
697 620 732 637 vite
743 623 761 636 et
769 620 817 637 fiime
826 619 929 641 laudabilis,
938 623 955 636 et
965 620 995 643 qui
1005 625 1100 643 percussor

173 658 209 669 non
220 653 304 674 extiterit,
316 658 349 669 nec
361 653 384 670 dc
396 653 443 669 furto
456 658 489 669 seu
502 652 524 669 de
537 652 598 675 aliquo
609 653 653 670 vitio
665 653 732 670 carnali
745 653 846 674 convictus,
857 659 890 670 nec
906 653 957 670 etiain
973 653 1043 670 notorie
1058 653 1100 670 insa-

173 689 237 707 matus,
251 686 281 709 qui
295 692 386 709 nunquam
396 692 436 703 cuin
450 686 522 703 infamia
536 686 558 703 de
572 686 641 703 Ordine
654 686 734 703 exierit‘.
745 686 789 708 Qui'
803 690 862 704 autem
877 686 894 703 in
908 686 968 710 aliquo
981 692 1003 704 ex
1016 687 1099 710 predictis

172 720 221 737 vitiis
236 719 366 737 rationabiliter
381 719 436 736 fuerit
449 719 544 737 convictus
558 719 587 737 vel
601 720 624 737 de
639 726 660 737 eo
676 720 746 737 notorie
761 720 864 741 infamatus,
879 720 948 737 etiamsi
964 720 1003 737 sine
1018 720 1100 743 expensis

173 755 248 773 Ordinis
258 755 285 773 ire
295 755 379 776 voluerit.
391 761 427 773 non
437 755 553 773 concedatur⁴

217 790 239 806 Et
253 789 294 806 ideo
308 789 392 807 volumus
407 792 427 806 ut
440 789 470 812 qui
484 789 564 807 Parisius
576 789 598 806 ad
612 789 692 807 studium
707 793 735 807 est
748 790 854 810 mittendus,
868 790 919 813 prius
934 796 966 813 per
979 790 1064 807 vicarium
1073 790 1100 807 vel

173 823 302 846 provincialem
313 826 331 840 et
341 822 448 840 diffinitores
458 826 476 840 et
486 823 533 840 duos
543 823 621 840 lectores
631 823 653 840 ad
663 823 724 840 minus
733 823 845 840 examinetur
855 826 890 840 tam
900 823 923 840 de
933 823 1008 841 scientia
1018 829 1069 847 quarn
1079 824 1101 841 de

173 856 214 873 vita.
230 856 328 873 Statuimus
345 856 408 874 etiant’
423 859 441 873 et
456 856 567 879 precipimus
581 856 710 873 inviolabiliter
727 856 820 874 observari
835 860 854 874 ut
871 856 932 874 nullus
948 857 979 880 qui
993 857 1100 874 tricesimum

173 889 256 913 quintum
274 896 340 907 annum
357 889 410 907 etatis
426 889 513 913 attigerit,
528 890 579 907 vadat
595 889 675 907 Parisius
692 890 714 907 ad
730 890 840 907 studendum
858 890 894 907 nisi
908 890 932 907 sit
946 893 979 907 tam
997 890 1100 907 sufficientis

172 923 249 940 scientie
266 927 284 940 et
300 923 374 940 subtilis
391 923 461 946 ingenii
478 923 572 944 inventus,
589 923 638 946 quod
657 929 690 946 pro
707 924 835 941 communitate
852 927 870 940 et
886 924 1012 941 commoditate
1029 924 1101 941 Ordinis

172 957 259 980 generale
269 957 371 980 Capitulum
382 956 411 973 vel
421 956 472 980 prior
484 956 575 980 generalis
586 957 688 974 decreverit
696 957 748 974 aliter
758 957 899 974 observandum.
910 957 998 974 Nolumus
1010 960 1069 974 tamen
1081 957 1102 974 ad

172 990 258 1011 lectores,
269 991 299 1014 qui
313 990 404 1007 interdum
415 990 511 1007 mittuntur
523 990 604 1008 Parisius
614 994 634 1007 ut
642 990 665 1007 ad
676 990 810 1014 magisterium‘
820 991 927 1013 perveniant
936 990 1039 1014 theologice
1048 991 1102 1008 facul-

173 1024 221 1045 L'tlis,
232 1028 335 1046 presentem
345 1024 495 1041 constitutionem
503 1024 582 1041 extendi.

218 1057 271 1079 Quod
285 1057 300 1074 si
314 1057 380 1081 aliquis
395 1058 417 1074 de
431 1057 476 1080 ipsis
490 1057 606 1075 studentibus
621 1061 655 1074 tatn
670 1057 773 1074 notabiliter
787 1057 810 1075 ad
822 1057 902 1075 studium
913 1057 1009 1081 negligens
1022 1057 1075 1074 fuerit
1087 1061 1103 1074 et

173 1090 279 1112 remissus‘,
286 1091 334 1113 quod
342 1097 378 1108 non
386 1091 411 1108 sit
418 1096 461 1114 spes
469 1091 513 1107 utin
524 1096 557 1108 suo
568 1091 694 1114 quinquennio
704 1091 791 1108 efficiatur
799 1091 892 1108 sufficiens
900 1091 959 1108 officio
967 1091 1048 1112 lectorie,
1055 1091 1103 1114 prior

173 1124 209 1141 loci
218 1128 235 1141 et
242 1124 329 1147 magister
337 1130 357 1141 ac
365 1123 479 1141 bachalarius
486 1124 517 1147 qui
525 1124 667 1141 sollicitudinem
676 1124 788 1141 studentium
799 1130 843 1147 sepe
849 1124 966 1141 considerare
972 1128 990 1141 et
996 1124 1103 1147 investigare

173 1157 247 1178 debent⁷
256 1157 308 1174 talem
319 1157 453 1180 reprehendant
463 1161 480 1174 et
490 1157 512 1174 ad
522 1157 631 1174 studendum
642 1161 726 1174 moveant
735 1161 753 1174 et
762 1158 874 1178 consortent;
883 1158 932 1180 quod
942 1158 958 1174 si
968 1157 990 1174 ab
1000 1157 1027 1174 eis
1037 1157 1104 1181 pluries

173 1191 254 1208 monitus
267 1197 287 1208 se
300 1196 337 1207 non
350 1191 456 1211 correxerit,
470 1191 527 1214 priori
541 1191 647 1213 provinciali
661 1194 678 1208 et
692 1190 823 1208 diffinitoribus
836 1191 910 1214 capituli
923 1191 1016 1214 provincie
1028 1197 1061 1208 sue
1074 1196 1104 1214 per

173 1224 243 1241 litteras
253 1224 341 1247 sigillatas
351 1223 419 1246 sigillis
429 1230 491 1241 eorum
502 1224 556 1240 trium
567 1224 677 1247 significent*
685 1224 757 1246 Quibus
766 1224 833 1241 litteris
843 1224 921 1247 receptis
931 1224 981 1247 prior
991 1224 1104 1247 provincialis

173 1261 191 1274 et
201 1257 309 1274 diffinitores
320 1263 360 1274 eum
371 1257 394 1274 de
405 1257 445 1280 ipso
455 1257 516 1274 studio
527 1257 586 1274 statim
597 1260 683 1274 revocent
692 1260 710 1274 et
720 1257 774 1274 alium
785 1257 843 1280 inagis
852 1257 939 1274 idoneum
949 1257 1060 1274 substituant
1067 1258 1104 1274 loco

173 1292 220 1314 ejus.
238 1291 283 1308 Cum
298 1294 357 1308 autem
371 1290 437 1313 aliquis
450 1290 474 1307 de
488 1290 535 1313 ipsis
549 1291 665 1308 studentibus
676 1291 757 1308 Parisius
769 1291 933 1312 commorantibus
948 1294 1105 1314 quantuncumque

172 1324 270 1347 profecerit
283 1324 312 1341 vel
324 1324 417 1341 sufficiens
432 1323 486 1341 suerit
499 1323 558 1341 officio
570 1323 652 1345 lectorie„
663 1323 704 1341 talis
717 1324 811 1344 efficiatur,
822 1324 871 1347 quod
881 1325 904 1341 de
917 1324 977 1347 aliquo
990 1330 1012 1341 ex
1021 1324 1105 1347 predictis
