1273 1538
187 57 231 76 1339]
383 64 406 75 AB
422 63 475 75 anuo
492 64 608 75 ncczxxxvr
625 64 691 79 usque
708 65 733 76 an
748 66 817 77 annun
832 65 902 77 uacci„
1071 60 1104 77 485

185 103 197 113 a
204 105 217 113 ιι
223 100 320 116 evag-niomium
326 100 394 116 mpura.
402 99 501 115 nummulum„
507 102 576 116 pamm
582 100 599 112 n,
606 100 653 112 nabaz„
661 101 721 113 (zi-ema
728 103 741 113 ει
747 103 804 117 quatuor
809 101 856 117 primi·
861 101 878 116 (vo
887 105 927 117 ...pn
934 102 981 117 nenos,
988 103 1018 113 „02-
1025 102 1042 117 a),
1049 103 1064 113 ..ι
1070 102 1103 114 «212.

185 123 230 135 nan-⁰⁵
236 124 295 134 mmm
300 122 342 137 (mm,
349 122 372 134 τοι.
380 122 413 136 ωε).
420 122 471 134 saum.
479 122 555 134 zum-maur
561 122 574 133 a·
582 122 643 138 c-pauio
650 123 709 138 gemma
716 127 738 135 n..
746 123 776 135 ιω
783 123 826 139 (ama,
833 123 855 135 τοι.
862 123 893 138 2001.
898 129 914 132 -
920 123 931 135 2,
937 123 983 135 umam
990 125 1030 135 enea
1035 123 1102 135 ‚en-ena..

187 209 251 228 1023.
262 214 333 227 Statum„
340 212 417 231 facultatis
424 213 477 226 areium
485 212 523 231 quoa
529 213 595 226 doctrina
604 213 678 226 manaim
685 217 713 226 mm
720 213 829 230 dogmatizatur,
837 215 851 226 ee
858 212 896 231 quoa
902 213 950 226 nultus
958 213 972 226 tn
980 213 1102 229 disputationibus

223 240 274 255 arguat
280 238 311 251 sine
318 237 376 251 licentia
383 237 444 250 tenentis
452 237 568 255 disputationem.

723 255 762 270 7³³0,
772 255 850 272 Septembri·
856 255 878 270 ²⁵!
885 255 895 273 I
895 255 948 269 Purattu
947 254 961 272 J

223 292 314 310 Universis
325 295 419 315 presentes
429 292 499 309 litteras
509 292 619 315 inspecturis
628 298 692 309 ornnes
703 295 721 309 et
733 292 802 314 singuli
815 292 896 314 magistri
912 295 988 314 quatuor
1001 291 1101 310 nationum.

182 326 261 343 videlicet
274 325 390 345 Gallicorum.
405 325 527 345 Picardorum=
541 325 673 341 Normanorum
683 328 701 342 et
711 324 836 347 Anglicorum,
848 325 923 341 salutem
936 325 954 341 in
967 324 1044 341 Domino
1054 330 1102 341 sem-

182 359 269 382 piternam.
280 359 294 375 Α
304 359 374 375 tramite
384 358 459 375 rationis
469 358 541 374 deviare
552 358 623 374 videtur
633 364 666 375 nec
678 358 735 374 Deum
745 357 812 374 habere
823 363 855 380 pre
867 357 925 374 oeulis
937 358 967 380 qui
978 363 1013 380 que
1025 357 1047 374 ab
1056 357 1101 374 anti-

182 392 219 415 quis
228 395 269 409 sunt
278 395 341 408 statuta
352 397 407 414 super
418 397 437 408 re
447 391 496 408 licita
505 397 577 408 necnon
588 391 651 408 rationi
662 396 750 411 consona⁷
766 390 867 413 transgredi
882 396 919 407 uon
931 393 1011 411 veretur,
1025 390 1101 407 maxime

182 431 218 442 curn
227 425 248 441 ad
257 424 289 441 hec
296 424 394 447 juramenti
404 424 477 441 vinculo
487 424 542 441 suerit
552 424 649 447 obligatus.
660 424 706 441 Cum
717 424 773 446 igitur
782 429 791 440 a
806 423 968 446 predecessoribus
983 424 1049 440 nostris
1064 429 1101 440 non

182 457 321 474 irrationabiliter
340 457 394 474 motis
412 457 460 473 circa
473 456 531 473 libros
550 457 598 479 apud
615 462 649 473 nos
663 456 754 479 legendos
767 456 840 479 publice
849 456 878 473 vel
891 456 961 473 occulte
973 459 1021 473 certa
1030 462 1101 479 preces·

182 490 222 507 serit
230 490 317 506 ordinatio
327 496 359 513 per
367 490 465 512 nosjurata
473 489 574 510 observari,
583 492 600 506 et
612 489 661 512 quod
674 489 745 512 aliquos
757 489 814 506 libros
823 495 855 512 per
865 489 916 512 ipsos
926 495 963 506 non
974 489 1063 506 admissos
1073 489 1102 506 vel

182 523 221 540 alias
230 526 325 540 consuetos
340 523 401 546 legere
416 528 453 539 non
468 522 563 543 debemus,
579 526 597 539 et
611 523 652 539 istis
666 522 780 545 temporibus
794 522 877 539 nonnulli
893 522 992 539 doctrinam
1006 522 1103 539 Guillermi

182 556 219 573 dict-i
229 556 292 573 Okain¹
306 556 394 578 (quamvis
405 562 437 579 per
447 556 498 579 ipsos
513 551 618 573 ordinantes
631 556 710 572 admissa
723 562 760 572 non
772 556 828 572 fuerit
839 555 868 572 vel
878 555 922 572 alias
936 558 1030 577 consueta,
1044 561 1103 578 neque

164 598 166 600 ν
181 594 209 611 per
218 594 250 605 nos
257 594 289 605 sen
297 588 342 605 alios
350 589 372 605 ad
382 594 428 611 quos
439 588 528 611 pertineat
538 589 643 610 examinata,
652 592 727 611 propter
735 589 784 611 quod
792 595 829 606 non
836 589 907 606 videtur
916 589 1020 612 suspicione
1028 589 1102 611 carere),

181 621 293 644 dogmatizare
306 621 450 644 presumpserint
464 621 537 644 publice
551 625 569 638 et
582 622 652 639 occulte
667 628 723 645 super
739 622 773 639 hoc
786 622 806 638 in
823 622 869 639 locis
887 622 961 645 privatis
978 622 1103 639 conventicula

180 654 268 671 faciendo:
279 654 320 671 hinc
330 658 358 671 est
368 654 417 677 quod
427 660 461 671 nos
471 658 533 671 nostre
544 654 607 671 salutis
618 661 716 676 memores,
726 655 992 678 considerantesjuramentum
1001 655 1050 678 quod
1060 655 1103 672 feci-

180 693 215 704 mus
229 687 250 704 de
263 687 309 704 dicta
323 687 437 704 ordinatione
448 687 568 708 observanda,
579 688 674 704 statuimus
685 688 734 710 quod
748 688 810 705 nullus
825 688 908 705 decetero
924 688 1022 711 predictam
1036 688 1103 705 doctri-

180 725 215 737 nam
224 720 342 743 dogmatizare
353 723 444 743 presumat
454 720 545 737 audiendo
556 720 584 737 vel
594 720 673 743 legendo
684 720 757 744 publice
767 721 796 738 vel
807 721 884 741 occulte,
895 727 966 738 necnon
976 721 1102 738 conventicula

179 758 229 776 super
238 753 282 770 dieta
293 753 374 770 doctrina
382 753 490 776 disputanda
498 753 581 770 faciendo
591 753 620 770 vel
630 754 690 776 ipsum
698 754 717 770 in
724 754 793 771 lectura
801 754 830 771 vel
837 754 992 778 disputationibus
998 754 1100 778 allegando.

179 786 195 803 Si
204 786 242 809 quis
252 790 309 803 tamen
323 790 385 803 contra
400 786 488 810 premissa
501 787 530 803 vel
540 786 613 809 aliquod
624 787 755 809 premissorum
771 790 876 810 attemptare
889 787 1027 810 presumpserit,
1042 788 1101 811 ipsum

179 825 207 842 per
216 825 278 836 annum
289 820 387 842 privamus,
397 823 415 836 et
424 819 473 842 quod
484 825 516 842 per
526 819 594 836 dictum
604 826 672 836 annum
682 813 766 837 obtinere
776 820 864 837 honorem
875 826 908 837 seu
923 820 999 843 gradum
1011 820 1057 837 inter
1067 826 1101 837 nos

178 858 210 869 non
219 853 274 869 valeat
284 858 316 869 nec
326 852 396 869 obtenti
406 856 457 869 actus
469 852 572 875 aliqualiter
582 858 674 869 exercere.
686 853 704 869 Si
715 853 746 875 qui
756 856 815 870 autern
826 856 888 870 contra
896 853 976 875 predicta
985 853 1053 870 inventi
1062 859 1102 876 per-

178 885 240 902 tinaces
248 886 321 906 suerint,
331 885 350 902 in
360 885 447 908 predictis
459 885 512 908 penis
522 885 606 902 volumus
617 889 705 908 perpetue
715 885 826 908 subjacere’.

216 919 290 941 Insuper
299 925 339 935 cum
349 918 404 935 nobis
413 918 482 940 liqueat
491 918 586 935 manifeste
597 918 646 940 quod
656 918 675 934 in
685 918 840 941 disputationibus
850 924 885 940 que
896 918 941 934 fiunt
950 918 969 934 in
979 918 1018 935 vico
1029 918 1102 935 Strami-

177 957 214 968 num
222 951 261 968 ulis
268 951 336 968 abusus
344 951 420 968 inolevit
428 951 477 973 quod
488 951 593 968 bachellarii
604 954 622 967 et
629 951 659 967 alii
670 951 688 967 in
697 951 852 974 disputationibus
861 950 914 967 dictis
922 951 1021 967 existentes
1029 951 1101 973 propria

176 985 273 1001 auctoritate
286 990 362 1007 arguere
373 987 481 1007 presumunt
496 984 556 1000 minus
569 987 675 1000 reverenter
685 990 705 1000 se
715 984 804 1000 hahentes
814 983 836 1000 ad
846 984 950 1006 magistros,
961 984 992 1006 qui
1002 983 1101 1007 disputant,

177 1018 264 1035 tumultum
272 1017 354 1034 faciendo
365 1017 410 1034 adeo
421 1020 439 1033 et
448 1017 467 1033 in
477 1020 545 1033 tantum
556 1016 605 1039 quod
615 1016 678 1033 haberi
688 1022 725 1033 non
737 1019 797 1039 potest
804 1016 929 1033 conclusionis
936 1016 1045 1039 disputande
1055 1016 1102 1033 veri—

176 1054 204 1072 tas,
213 1057 244 1067 nec
254 1050 299 1067 dicto
308 1050 444 1073 disputaciones
452 1050 471 1066 in
479 1049 539 1072 aliquo
548 1053 591 1066 sunt
599 1049 701 1066 scolaribus
710 1049 827 1066 audientibus
835 1049 927 1066 fructuose
936 1055 940 1066 z
950 1049 1045 1066 statuimus
1053 1049 1102 1072 quod

176 1084 230 1101 nullus
240 1084 331 1107 magister,
341 1083 463 1100 hachellarius
473 1086 504 1100 aut
515 1083 599 1104 scolaris‚
610 1083 650 1100 sine
660 1083 753 1106 permissu
764 1086 782 1099 et
794 1082 866 1099 licentia
877 1082 958 1105 magistri
969 1083 1101 1105 disputationes

176 1117 247 1134 tenentis
261 1120 329 1140 arguat,
347 1122 400 1139 quam
414 1116 506 1133 licentiam
520 1116 555 1133 sibi
571 1122 608 1133 non
620 1116 674 1133 liceat
687 1119 749 1139 petere
764 1116 869 1137 verbaliter,
881 1116 914 1133 sed
929 1116 1052 1133 tantummodo
1064 1115 1102 1138 sig-

176 1150 228 1167 native
238 1153 346 1167 reverenter.
358 1150 377 1167 Si
388 1150 429 1172 quis
440 1153 499 1166 autem
511 1149 633 1166 bachellarius
643 1152 674 1166 aut
684 1149 761 1166 scolaris
773 1152 836 1166 contra
847 1149 936 1172 premissa
947 1149 1015 1171 aliquid
1027 1152 1102 1171 attemp-

176 1183 237 1203 taverit,
248 1183 299 1205 penis
310 1183 328 1200 in
338 1183 444 1205 precedenti
454 1185 521 1199 statuto
537 1183 602 1205 positis
614 1182 667 1199 modo
680 1186 698 1199 et
709 1182 766 1199 forma
778 1182 846 1205 quibus
860 1188 914 1205 supra
930 1182 1004 1199 omnino
1018 1182 1102 1199 volumus

175 1215 267 1238 subjacere.
278 1216 295 1233 Si
306 1216 348 1238 quis
358 1219 418 1233 autem
430 1216 517 1238 magister
529 1216 547 1233 in
559 1216 715 1238 disputationibus
729 1222 808 1239 arguere
818 1219 916 1239 presumat,
933 1216 968 1233 nisi
983 1216 1083 1238 requisitus
1093 1221 1102 1232 a

175 1248 253 1271 magistro
272 1249 404 1272 disputationes
428 1252 501 1266 tenente
518 1252 581 1271 taceat,
596 1249 656 1273 ipsum
675 1249 777 1273 privatione
797 1250 851 1267 trium
871 1250 969 1267 lectionum
988 1249 1102 1267 decrevimus

174 1281 284 1304 puniendum.
295 1282 339 1299 Aeta
351 1283 424 1300 suerunt
437 1283 471 1300 hec
487 1283 534 1306 apud
545 1283 630 1300 Sanctum
641 1284 734 1301 Julianum
748 1284 766 1301 in
780 1287 842 1302 nostra
855 1284 999 1308 congregatione
1012 1284 1103 1303 facultatis

174 1314 222 1331 nobis
234 1315 335 1336 specialiter
350 1316 371 1332 ad
386 1316 503 1333 statuendum
519 1317 588 1334 vocatis
601 1323 648 1334 anno
664 1317 738 1335 Domini
753 1318 850 1335 millesimo
867 1319 995 1336 trecentesimo
1010 1319 1102 1337 tricesimo
