1273 1538
184 41 230 60 1347]
381 48 404 59 ΑΒ
420 47 473 59 Anno
490 46 606 58 ncczxxxw
621 46 688 61 usquc
704 47 728 58 An
744 46 817 58 mrum
834 46 904 58 noent.
1073 41 1105 58 601

183 85 300 102 Silvanectum
317 88 377 108 partes
393 84 433 107 ipse
447 84 568 107 personaliter
582 83 680 101 constitute
695 83 820 101 submiserunt
834 89 854 101 se
869 83 891 100 de
904 89 951 101 novo
966 89 1021 107 super
1035 83 1105 101 debatis

182 118 266 142 predictis
280 118 389 135 ordinationi
403 121 422 135 et
435 117 525 135 amicabili
540 117 667 140 compositioni
681 121 743 135 nostre
756 117 779 135 de
792 118 828 135 alto
842 120 859 134 et
871 117 932 139 basso,
945 118 1104 141 promiseruntque

182 152 226 169 bona
239 151 274 168 fide
287 157 341 174 super
352 152 379 168 eis
389 155 436 168 stare
449 154 511 168 nostre
523 151 639 172 ordinationi,
650 157 684 168 nec
696 151 717 168 ab
730 157 750 168 ea
760 151 890 174 quoquomodo
902 151 988 168 recedere
1000 155 1030 168 aut
1043 154 1105 168 contra

182 191 218 202 eam
233 185 369 208 quomodolibet
382 185 486 202 reclamare.
498 185 524 201 De
538 191 572 208 qua
586 185 638 202 etiam
651 190 697 202 nova
709 184 833 202 submissione
846 185 912 208 Symon
923 185 945 202 de
957 185 1014 202 Vares
1028 188 1046 202 et
1058 185 1105 202 idem

182 218 258 236 Jacobus
267 218 366 241 subscripti
377 218 441 235 notarii
452 218 567 235 retinuerunt
576 218 669 241 publicum
679 218 826 235 instrumentum.

224 252 260 269 Nos
272 251 329 275 igitur
339 251 369 275 qui
383 251 483 269 eorundem
495 251 623 275 episcoporum
636 252 715 275 quietem
729 252 747 269 in
760 252 841 269 caritatis
853 252 956 270 visceribus
968 251 1077 273 zelabamur,
1089 255 1108 269 ut

182 287 200 303 in
209 286 257 309 pacis
267 285 364 302 dulcedine
375 285 468 303 constituti
479 286 596 303 commissum
606 286 641 303 sibi
651 292 661 303 a
671 286 709 303 Deo
720 285 823 309 pontificale
838 286 916 303 officium
927 286 1005 303 sinceris
1017 286 1108 303 mentibus

181 319 255 337 liberius
269 322 388 342 exequantur,
403 325 458 342 super
473 319 550 340 debatis,
565 319 696 336 controversiis
708 322 727 336 et
739 319 838 336 discordiis
851 319 955 342 hujusmodi
969 323 987 337 et
1000 326 1020 337 ea
1033 323 1109 343 tangen-

181 353 227 370 tibus
244 352 371 374 ordinandum,
387 352 545 375 pronunciandum
561 356 579 369 et
595 353 714 370 amicabiliter
730 352 861 375 pacificandum
876 353 898 370 de
914 353 1013 376 peritorum
1029 353 1107 370 consilio

181 386 263 404 duximus
272 386 291 403 in
301 386 349 403 hunc
360 386 439 403 modurn.

222 420 281 437 Primo
294 419 343 443 quod
355 426 396 437 cum
408 419 474 442 aliquis
485 420 503 437 in
514 420 658 437 conservationis
668 419 728 437 officio
737 423 768 436 aut
777 423 840 437 eontra
850 419 895 437 illud
908 425 940 437 seu
950 423 1012 437 contra
1019 420 1106 443 jurisdic-

179 454 244 471 tionem
259 452 393 470 conservatoris
409 453 475 476 quovis
492 453 546 470 modo
564 453 670 476 deliquerit=
685 452 821 476 delinquentem
839 452 943 476 hujusmodi
957 453 977 470 in
992 453 1063 470 civitate
1076 454 1106 471 vel

179 487 246 504 diocesi
259 487 316 504 Paris.
332 489 424 510 repertum
437 486 491 503 liceat
504 486 577 503 domino
592 486 723 504 Silvanectensi
735 486 822 509 episeopo
835 487 958 503 conservatori
968 486 1104 510 privilegiorum

178 520 303 538 Universitatis
313 520 369 537 Paris.
380 525 412 537 seu
428 520 468 543 ejus
482 520 604 543 vicesgerenti
617 526 682 543 capere
695 526 727 543 per
738 526 758 537 se
771 520 801 537 vel
811 526 862 542 suos,
876 520 902 537 sic
912 523 972 537 tamen
981 519 1031 543 quod
1042 523 1105 543 captus

178 554 285 577 hujusmodi,
297 554 312 571 si
323 554 463 571 incarcerandus
477 553 559 571 videatur
574 553 648 571 domino
661 553 793 571 Silvanectensi
803 554 832 571 vel
841 553 963 577 vicesgerenti
976 559 1015 575 suo,
1028 553 1105 571 inconti-

178 587 225 605 nenti
238 587 260 604 nd
272 593 355 604 carceres
368 587 436 604 domini
451 587 560 605 Parisiensis
573 587 654 610 episcopi
667 587 773 609 adducatur,
784 587 815 611 qui
828 587 867 604 sine
878 587 982 604 difficultate
992 593 1105 610 quacumque

177 621 210 638 sul>
223 621 258 638 fida
271 621 354 638 custodia
371 620 468 644 recipiatur
484 621 558 638 ibidem,
576 621 628 643 Quod
643 621 659 638 si
673 625 738 644 gentes
751 621 795 638 dicti
810 621 919 638 Parisiensis
928 634 939 638 ..
948 620 1029 644 episcopi
1044 620 1104 638 debite
1120 621 1124 624 ”

178 655 261 678 requisite
275 655 334 672 facere
349 655 467 678 denegarent,
481 655 534 672 liceat
549 655 597 672 dicto
609 655 733 672 conservatori
742 655 771 672 vel
787 655 827 678 ejus
837 655 959 678 vicesgerenti
974 660 995 671 en
1005 654 1045 671 vice
1059 654 1105 671 ‹lun-

177 692 227 710 taxat,
237 688 287 710 alibi,
298 691 358 705 tamen
367 688 386 705 in
396 688 439 705 villa
449 688 554 710 Parisiensi,
565 694 656 705 carcerem
667 694 772 711 procuraret

219 722 269 743 Item,
280 721 343 739 licebit
352 722 477 739 conservatori
487 722 516 739 vel
527 723 567 745 ejus
577 722 699 745 vicesgerenti
709 722 761 744 tales,
772 725 793 739 ut
802 722 918 745 premittitur,
929 722 1057 745 delinquentes
1065 728 1105 739 cor-

177 755 241 779 rigere,
251 755 316 779 punire
328 755 408 773 Parisius
417 756 468 779 juxta
481 761 513 773 sua
526 755 613 773 demerita
625 759 643 773 et
648 755 824 783 fflssssuffstiwibsse
823 756 924 779 ἑᾳρἰςεῃς
928 759 949 779 ρι’
955 759 1043 780 torquere}>
1050 759 1106 781 prout

177 796 237 807 eorum
247 789 353 816 discretioni
364 789 464 807 secundum
475 790 533 807 Deum
544 793 562 807 et
568 782 657 813 justiti—ain
666 790 758 807 videbitur
767 790 877 811 faciendum,
885 796 919 807 nec
929 796 984 813 super
994 790 1028 807 hoc
1039 790 1069 807 fiet
1078 790 1105 808 eis

176 816 322 846 impffiimentum
333 829 365 846 per
375 823 497 841 Parisiensem
507 823 632 846 ..episcopum
645 823 675 841 vel
688 827 753 847 gentes
767 823 826 847 ipsius
838 824 977 847 quomodolibet
987 824 1006 841 in
1018 824 1105 846 futurum,

176 857 201 874 sic
210 860 269 874 tamen
278 857 328 880 quod
338 857 353 874 si
363 857 386 874 ad
397 856 472 874 scalam²
483 857 551 874 fuerint
562 857 697 880 condempnati,
708 857 834 874 executionem
847 857 952 881 hujusmodi
964 857 994 874 die
1007 861 1025 875 et
1037 857 1076 875 loco
1086 858 1105 874 in

176 890 239 908 talibus
254 891 348 908 consuetis
362 890 429 908 sacient
442 894 508 914 gentes
519 903 530 907 ..
541 891 623 914 episcopi
638 891 742 908 memorati*
752 891 792 908 sine
806 891 950 908 contradictione
963 897 1071 915 quacunque
1082 891 1105 908 ad

176 927 275 947 requestam
288 924 424 942 conservatoris
436 924 464 941 vel
478 924 611 947 vicesgerentis
623 925 658 941 sui.
672 925 694 941 Et
704 924 719 941 si
729 928 795 948 gentes
805 937 816 941 ..
825 925 906 948 episcopi
917 924 951 942 hoc
963 925 1022 942 facere
1033 931 1105 942 recusa-

175 961 219 979 rent,
230 957 282 975 liceat
292 958 416 975 conservatori
427 963 459 975 eos
468 957 572 979 inscallnre,
583 958 614 975 ubi
624 958 660 975 sibi
670 958 762 975 videbitur
771 958 874 975 faciendum
885 964 905 975 en
914 958 953 976 vice
963 958 1054 976 duntaxat.

216 992 267 1013 item,
284 991 348 1009 licebit
364 991 488 1009 conservatori
503 997 535 1009 seu
550 992 590 1015 ejus
604 991 727 1015 vicesgerenti
744 997 835 1009 carcerem
850 992 869 1009 in
884 992 933 1009 curin
949 992 1006 1010 Paris.
1022 992 1103 1016 episcopi

174 1025 240 1048 eligere
249 1025 320 1048 qualem
334 1025 418 1046 voluerit,
431 1025 471 1042 sine
484 1025 582 1048 dispendio
591 1029 651 1042 tamen
663 1025 773 1042 Parisiensis
784 1025 873 1049 episcopi,
882 1026 933 1049 juxta
945 1026 1049 1049 qu'alimtein
1062 1031 1103 1049 per-

173 1065 254 1076 sonarum
269 1062 287 1076 et
301 1064 409 1076 excessuum
424 1059 573 1080 commissorum,
586 1059 684 1082 ipsumque
698 1064 790 1076 carcerem
807 1059 893 1081 relaxare,
907 1060 936 1077 vel
953 1060 975 1077 ab
992 1066 1014 1077 eo
1031 1060 1103 1083 penitus

173 1092 247 1109 liberare
262 1093 302 1110 sine
315 1092 446 1116 impedimento
460 1098 577 1116 quocunque,
593 1093 685 1110 satisfacto
697 1093 793 1115 jaulerio',
809 1096 864 1116 prout
877 1096 894 1110 et
910 1099 948 1110 non
963 1093 1015 1111 aliter
1030 1093 1048 1110 in
1062 1093 1103 1110 aliis

172 1126 285 1144 incarceratis
299 1127 405 1144 auctoritate
419 1126 510 1144 ordinaria
521 1130 550 1144 est
558 1126 598 1144 fieri
612 1130 726 1144 consuetum.
741 1126 813 1144 Licebit
825 1127 878 1144 etiam
891 1127 1015 1145 conservatori
1027 1127 1055 1144 vel
1062 1127 1103 1150 ejus

172 1160 291 1183 vicesgerenti
305 1160 387 1183 captivos
401 1160 507 1183 hujusmodi
522 1161 541 1177 in
555 1160 604 1177 curia
614 1160 715 1183 „episcopi
731 1160 812 1182 visitare,
829 1160 916 1183 ipsosque
930 1166 990 1177 coram
1005 1166 1024 1177 se
1038 1160 1056 1177 in
1070 1166 1103 1177 sun

172 1194 218 1210 curia
230 1200 283 1211 causa
299 1194 412 1211 examinandi
427 1194 520 1217 negotium
534 1194 564 1211 vel
577 1194 621 1211 alias
633 1199 708 1211 evocare
721 1197 739 1211 et
750 1194 850 1215 adducere,
861 1197 878 1211 et
887 1194 909 1211 ad
919 1199 1002 1211 carceres
1015 1193 1102 1211 reducere

172 1227 216 1244 sicut
228 1228 285 1250 prius,
301 1228 323 1245 Et
336 1227 428 1245 tenebitur
441 1228 535 1251 predictus
545 1227 635 1251 jaulerius
648 1228 770 1245 incarceratos
783 1227 876 1251 predictos
886 1227 984 1250 diligenter
994 1230 1012 1244 et
1025 1227 1104 1244 fideliter

170 1261 266 1282 custodire,
282 1261 331 1278 sicut
347 1261 393 1278 alios
410 1261 532 1279 incarceratos
549 1261 592 1278 dicu'
610 1261 719 1278 Parisiensis
736 1261 825 1285 episcopi,
843 1261 881 1285 pari
898 1267 944 1284 pena
960 1260 1071 1284 puniendus,
1085 1261 1100 1278 si

170 1294 228 1311 dolum
238 1295 267 1312 vel
278 1295 409 1319 negligentiam
420 1296 542 1313 committeret
551 1295 570 1312 in
580 1295 673 1318 predictis*

212 1329 261 1349 Item,
273 1328 288 1345 si
301 1329 417 1353 contingeret
430 1333 492 1353 captos
502 1335 535 1353 per
547 1333 701 1351 conservatorem,
713 1333 732 1347 ut
742 1329 859 1353 premittitur,
870 1332 888 1346 et
897 1329 982 1346 detentos
994 1335 1027 1352 per
1036 1333 1101 1353 gentes

229 1359 243 1367 ι·
252 1357 300 1370 enare.
311 1358 350 1371 υηῑυ.
359 1359 407 1371 Pam,
417 1359 432 1374 ιι,
443 1359 453 1372 1.
1024 1359 1039 1371 κ
