1273 1538
180 46 226 64 1347]
378 51 401 62 ΑΒ
418 50 471 62 Anno
488 50 605 61 nccnxxxw
622 50 689 65 usqum
705 51 730 62 ΑΙ)
746 51 816 63 annun
833 51 904 63 vaccei„
1071 45 1104 63 609

179 89 234 106 sentia
244 88 321 105 nationis
331 94 351 105 se
361 87 440 105 fideliter
449 87 467 104 in
478 87 551 110 scriptis
562 87 647 109 redigere
657 93 751 109 summam,
763 88 843 111 speciem
851 92 869 105 et
876 88 955 105 valorem
965 89 1049 111 pecunie,
1059 93 1103 110 quas

179 129 187 139 a
197 121 276 145 quolibet
285 125 346 138 nostre
357 121 435 138 nationis
446 120 528 143 recipere
538 120 588 143 ipsos
598 121 699 144 continget.
713 122 735 138 Et
747 121 793 138 idem
806 122 823 138 in
834 122 895 139 missis
907 122 996 139 faciendis
1007 121 1103 138 statuimus

179 154 315 175 observandum,
329 154 414 177 quodque
430 154 522 171 residuum
535 153 596 174 fuerit.
610 154 679 171 nationi
693 155 789 171 restituent
802 158 820 171 et
833 155 929 172 refundent
938 155 989 177 juxta
1001 154 1073 172 modum
1085 155 1103 171 in

178 189 211 205 alio
226 191 290 205 statuto
305 188 383 205 nationis
398 190 502 204 annotatum
515 187 534 204 in
548 187 625 210 pecunia
643 191 715 211 recepta
729 188 758 205 vel
775 188 866 205 consimili
882 188 916 205 sub
930 188 993 205 eadem
1010 188 1071 211 specie
1086 191 1104 205 et

177 217 240 234 valore

218 251 268 271 Item,
279 256 302 267 ne
312 250 388 273 pecunia
399 249 477 267 nationis
490 249 593 267 inordinate
606 253 731 272 consumatur,
741 250 833 271 volumus,
843 250 944 272 statuimus,
955 257 975 267 ac
987 250 1040 268 etiam
1054 250 1103 267 ordi-

177 289 243 303 namus,
254 290 276 300 ne
290 287 353 301 nostre
366 283 445 301 nationis
458 287 565 306 procurator
577 283 606 300 vel
620 283 667 301 alius
680 289 745 301 vocare
757 284 813 301 valeat
826 284 848 300 ad
860 284 981 301 ordinandum
993 284 1016 301 de
1027 284 1102 307 pecunia

177 317 258 337 nationis,
272 317 307 334 nisi
322 317 358 338 die,
369 322 404 339 qua
416 320 455 334 actu
470 317 543 340 legetur
556 317 656 338 ordinarie,
670 320 688 334 et
700 317 744 334 hora
757 317 814 340 prime
828 318 848 334 B.
859 317 915 334 Marie
925 317 988 338 Paris,
999 317 1026 335 sic
1036 321 1101 336 tamen,

176 350 222 373 quod
234 353 276 373 post
288 350 408 373 pulsationem
422 350 480 373 prime
493 350 575 373 magistri
589 354 709 373 expectentur
722 356 754 373 per
766 350 827 368 dehita
840 354 857 368 et
869 351 993 374 competencia
1002 351 1102 368 intervalla.

177 385 196 401 Et
206 384 220 401 si
234 389 287 401 secus
301 387 360 401 actum
374 383 434 405 suerit,
446 389 468 400 ex
480 389 528 401 nune
541 387 595 406 prout
608 389 631 401 ex
643 387 693 405 tunc,
704 387 721 401 et
735 390 757 400 ex
768 387 812 400 tunc
824 387 878 407 prout
888 390 910 401 ex
920 390 973 405 nunc,
985 384 1030 401 illud
1040 384 1104 401 deere-

176 418 232 435 vimus
242 417 311 434 irritum
322 421 340 435 et
350 417 410 438 inane,
421 423 454 434 nec
464 417 541 440 alicujus
551 423 593 434 esse
603 417 701 438 firmitatis,
712 417 757 434 adeo
767 417 817 440 quod
827 417 879 434 etiam
890 423 945 440 super
955 417 989 434 hoc
1001 421 1031 434 aut
1043 417 1103 441 aliquo

176 454 257 468 contento
274 451 292 468 in
307 451 388 474 presenti
405 454 472 475 statuto
489 454 575 474 tangente
593 454 706 474 receptorem
724 450 753 467 vel
770 450 865 473 pecuniam
884 451 962 467 nationis
982 450 1032 468 nullo
1050 451 1103 468 modo

176 484 278 507 dispensare
288 484 386 501 valeamus.
398 484 433 501 Sed
443 490 500 507 super
509 484 544 501 hoc
551 490 560 500 a
569 484 623 501 nobis
634 487 651 501 et
662 484 731 501 nostris
741 484 881 501 successoribus
891 484 972 501 abdicata
982 484 1006 501 sit
1016 487 1102 507 potestas,

175 518 221 541 quod
231 518 360 535 inviolabiliter
370 517 468 535 observare
482 523 516 534 nos
526 521 622 540 presentes
634 523 667 540 per
680 520 741 534 nostra
752 517 874 540 promittimus
882 518 990 540 juramenta,
1003 520 1021 534 et
1031 521 1104 534 nostros

176 557 289 569 successores
300 552 391 572 volumus,
400 554 419 568 et
430 551 482 568 etiam
494 551 629 574 promovendos
640 551 663 568 ad
674 551 751 574 gradum
762 550 862 574 magisterii
872 554 967 574 antequam
977 551 1071 574 incipiant,
1082 551 1104 568 ad

175 585 206 602 hoc
214 585 317 608 specialiter
326 585 410 608 obligari.

216 619 292 641 Insuper
301 619 343 641 quia
353 624 389 636 non
401 618 516 635 uniformiter
525 618 609 641 pulsatur
616 624 649 641 pro
657 618 711 635 nonis
720 618 738 635 in
746 618 823 635 eeclesia
832 618 936 639 Parisiensi,
946 624 986 635 cum
995 618 1103 641 quandoque

174 652 254 675 pulsetur
268 655 308 669 ante
324 658 405 675 magnam
421 652 494 668 missam
510 652 528 668 in
543 651 694 674 Quadragesima,
709 652 819 675 quandoque
834 655 875 669 ante
889 651 991 675 prandium,
1006 651 1049 668 licet
1063 655 1104 675 pest

175 685 265 708 prandium
278 691 355 708 vespere
368 685 495 706 decantentur,
508 688 571 702 nostro
585 688 652 702 statute
663 685 685 702 de
698 685 752 702 modo
763 685 848 708 pulsandi
857 690 943 708 vesperas
956 685 985 702 die
996 685 1075 706 veneris,
1086 688 1104 702 et

175 719 243 736 missam
254 718 319 736 diebus
330 718 399 736 sabbati
410 718 494 735 addimus
505 718 601 735 statuendo
612 724 647 741 que
658 721 771 741 sequuntur:

215 752 281 774 Primo,
292 752 341 775 quod
354 752 458 769 nullatenus
471 751 555 775 pulsetur
564 758 598 775 pro
607 752 698 775 vesperis,
709 752 745 769 nisi
756 752 828 775 pulsato
840 752 899 776 primo
911 752 946 769 ictu
957 757 1073 775 vesperarum
1085 752 1103 769 in

175 786 247 803 ecclesia
257 786 312 803 Paris.
324 786 404 803 totaliter
413 789 431 803 et
440 786 530 809 complete
545 785 611 803 diebus
627 786 694 809 quibus
709 786 792 809 pulsatur
804 792 837 809 pro
852 786 906 803 nonis
919 789 960 803 ante
975 786 1070 809 prandium
1085 786 1103 803 in

175 820 218 837 dicta
230 819 312 841 ecclesia,
327 823 345 837 et
356 823 399 836 tunc
413 819 510 842 pulsentur
522 825 600 842 vespere
613 825 646 842 per
657 822 694 836 tres
706 819 753 836 ictus
763 823 784 836 ut
796 819 852 836 moris
862 823 896 841 est,
907 819 967 836 debita
977 825 1033 843 pausa
1046 820 1103 837 media

174 853 218 870 inter
228 853 279 870 ictus.

215 887 264 907 Item,
276 892 308 909 pro
318 886 373 904 missa
384 892 420 903 non
428 886 512 909 pulsetur
521 886 587 903 diebus
597 886 665 909 quibus
673 886 708 903 erit
715 892 782 907 sermo,
791 886 826 903 nisi
835 892 919 903 sermone
927 886 1024 910 completo,
1033 887 1103 904 etiamsi

174 920 259 943 pulsatum
270 926 302 943 pro
313 920 377 943 primis
389 920 460 941 existat,
472 923 490 937 et
503 923 545 937 tunc
555 920 653 943 pulsentur
665 923 703 937 tres
714 920 760 937 ictus
770 920 855 943 paulatim
866 923 884 937 et
897 920 967 937 seriose
980 920 1027 937 sicut
1041 926 1102 943 supra,

174 954 198 970 sic
207 954 254 976 quod
269 953 350 976 magistri
363 954 386 970 de
400 959 485 970 sermone
498 953 527 970 vel
540 953 562 970 de
576 953 662 970 domibus
675 953 714 970 suis
728 953 804 974 reversi,
815 953 845 970 vel
857 953 881 970 sit
889 954 995 974 verisimile,
1006 953 1056 976 quod
1065 954 1101 976 jam

173 987 249 1007 venisse,
263 990 328 1004 attenta
342 987 378 1004 loci
392 986 423 1003 ubi
436 987 467 1003 fiet
481 992 542 1004 senno
554 987 584 1004 vel
597 987 693 1004 domorum
708 987 799 1007 distantia,
814 987 923 1010 potuissent.
939 988 960 1004 Et
972 987 1014 1010 quia
1028 993 1064 1004 non
1074 990 1103 1004 est

173 1020 274 1042 verisimile,
287 1020 336 1043 quod
349 1020 390 1043 quis
403 1026 435 1043 pro
449 1020 522 1037 modico
532 1021 631 1043 juramenti
646 1024 774 1043 transgressor
788 1020 859 1041 existat,
875 1020 958 1038 volumus
971 1021 1019 1044 quod
1032 1021 1048 1038 si
1061 1021 1102 1043 quis

173 1057 212 1077 post
224 1054 284 1071 horam
300 1054 318 1071 in
333 1057 400 1071 statuto
415 1060 471 1077 super
485 1054 519 1071 hoc
534 1054 617 1071 consecto
632 1057 735 1071 contentam
750 1054 772 1071 ad
787 1054 882 1071 ecclesiam
898 1054 976 1076 accedat,
992 1058 1010 1072 et
1026 1054 1101 1071 dubium

172 1087 229 1109 suerit,
239 1093 261 1105 an
271 1088 310 1111 ejus
320 1087 373 1111 culpa
386 1087 410 1105 sit
421 1091 451 1105 aut
463 1094 524 1107 causa.
535 1088 583 1111 quod
594 1088 635 1111 ejus
645 1088 730 1105 credatur
736 1088 841 1111 juramento
851 1091 869 1105 et
881 1094 913 1105 sue
924 1088 1035 1105 conscientie
1047 1088 1101 1105 relin-

173 1123 240 1144 quatur.
255 1122 277 1138 Et
289 1127 312 1138 ne
325 1120 393 1138 bedelli
408 1121 465 1138 nostri
480 1127 535 1144 super
547 1120 582 1138 hoc
596 1127 616 1138 se
629 1127 717 1138 excusare
728 1121 805 1142 valeant,
817 1121 912 1138 statuimus
926 1127 948 1138 ne
961 1121 1002 1144 quis
1014 1122 1101 1144 magister

173 1157 201 1171 aut
209 1154 338 1176 determinans,
349 1155 379 1178 qui
389 1155 408 1171 in
418 1155 502 1178 vesperis
511 1158 542 1172 aut
551 1155 613 1172 missis
623 1161 665 1172 esse
676 1158 767 1176 tenentur,
779 1161 812 1178 pro
821 1155 904 1178 vesperis
915 1158 946 1172 aut
955 1155 1017 1172 missis
1028 1154 1100 1178 pulsare

173 1191 266 1210 presumat,
281 1188 316 1205 nisi
334 1194 366 1211 per
380 1188 471 1205 bedellum
487 1194 543 1212 super
556 1188 591 1206 hoc
607 1188 707 1211 requisitus
717 1188 772 1206 fuerit
783 1192 814 1205 aut
828 1192 908 1211 rogatus.
919 1189 943 1206 Et
956 1188 971 1205 si
984 1188 1025 1211 quis
1038 1191 1100 1205 contra

173 1221 238 1243 fecerit,
255 1228 317 1245 penam
337 1222 415 1239 duorum
435 1222 550 1239 denariorum
568 1222 649 1239 incurrat
666 1222 688 1239 ad
704 1228 758 1239 usum
776 1222 852 1246 pecunie
869 1222 936 1245 pixidis
953 1222 1100 1239 convertendam,

173 1255 233 1272 Datum
247 1256 294 1279 apud
308 1256 325 1273 S.
339 1256 430 1273 Julianuin
446 1256 500 1274 nohis
515 1256 537 1273 ad
552 1256 668 1273 statuendum
683 1256 807 1280 congregatis,
821 1260 841 1273 ut
853 1257 910 1274 moris
923 1260 956 1277 est,
971 1262 1017 1273 anno
1028 1256 1100 1273 Domini

173 1289 307 1311 MCCCXLVII,
325 1290 354 1307 die
371 1290 442 1307 sabbati
458 1294 500 1308 ante
516 1291 583 1308 festum
600 1290 703 1308 Nativitatis
722 1291 802 1312 Domini,
820 1290 937 1314 presentibus
955 1290 1039 1308 discretis
1057 1291 1101 1308 viris

175 1322 261 1346 unagn‘stris
272 1324 351 1341 Roberto
359 1324 382 1341 de
392 1324 464 1347 Septem
475 1324 575 1342 Vallihusfi
583 1328 626 1342 tunc
635 1328 753 1347 procuratore
763 1325 849 1346 nationis,
860 1325 942 1343 Gerardo
951 1325 1099 1349 Bouquedepois,

230 1354 245 1362 ⁸*
254 1353 300 1366 chart.
312 1353 351 1366 υηῑν,
360 1354 407 1366 Paris.
416 1354 432 1367 11,
442 1354 452 1366 ι.
1023 1355 1038 1367 77
