1273 1538
188 55 231 74 ¹327]
377 61 400 72 ΑΒ
417 60 469 72 ΔΝΜ)
487 59 604 72 ucczxxxvr
622 59 690 75 usquc
707 60 731 71 an
745 60 816 72 annun
833 61 904 73 necor..
1074 56 1106 73 295

186 99 260 116 obedire.
273 99 349 116 Gravem
362 98 428 121 nuper'
438 103 459 114 ex
469 100 519 120 parte
529 97 668 118 Universitatis,
679 97 708 120 pie
721 98 789 119 matris,
800 98 930 120 querimoniam
942 98 1051 121 recepimus,
1061 98 1108 115 inter

185 136 238 150 cetera
252 132 377 153 continentem,
396 131 444 154 quod
461 131 548 154 magister
563 130 658 148 Amisius³
675 130 698 147 de
715 131 824 152 Aurelianis,
844 131 922 148 decanus
938 131 1055 148 ecclesiarum
1070 131 1106 154 (sic)

184 167 232 184 Beate
241 166 295 183 Marie
304 165 368 187 Paris„
379 164 459 188 magistri
470 164 548 181 Thomas
557 164 579 181 ‹le
590 164 692 188 Baillyaco,
703 164 813 182 Guillelmus
825 164 848 181 ‹le
861 164 959 186 Clianaco‘,
970 164 1072 188 Stephanus
1082 165 1104 182 de

182 199 260 218 Novilla'.
278 199 386 216 Bertrandus
403 198 507 219 Bonisacii‘,
522 198 561 215 Odo
578 198 602 215 ‹le
621 198 717 219 Senonis',
732 198 824 216 ,lohannes
839 198 861 215 de
875 198 986 222 Arpadelln',
1002 199 1065 215 Petrus
1080 198 1102 215 de

182 233 246 254 Faillo',
260 232 367 250 Guillelxnus
384 232 502 250 Bertrandiw,
519 232 582 249 Petrus
598 232 622 249 de
638 232 772 255 Chamhilyaco,
788 232 897 249 Guillelmns
914 232 983 255 Piquet,
998 232 1062 249 Petrus
1079 232 1101 249 de

180 267 276 287 Condeto¹¹‚
287 270 303 283 et
316 266 397 290 Philipus
407 266 519 287 Conversiss,
529 266 636 289 capitulum,
653 270 673 283 ut.
687 269 777 287 asserunt,
791 266 884 287 facientes,
899 265 945 283 hona
960 265 1033 283 mobilia
1048 266 1101 283 cleri-

180 306 236 318 corum
245 300 345 322 scolarium⁷
356 300 377 317 ab
387 300 471 317 intestato
485 300 620 321 decedentium,
632 300 655 317 de
665 300 733 323 quibus
744 300 856 318 Universitas
866 306 898 323 per
908 306 963 317 unum
976 300 998 317 de
1008 300 1100 323 magistris

179 333 276 357 regentibus
289 333 310 350 ad
323 333 357 351 hoc
370 333 391 350 ab
405 333 467 350 eadem
481 333 557 351 electum
571 339 607 350 una
622 339 664 350 cum
678 333 764 356 episcopo
778 333 875 350 Parisiensi
886 340 908 351 ex
917 334 1013 357 privilegio
1026 337 1100 356 aposto-

180 367 216 389 lico,
231 367 270 384 olim
284 367 319 390 ipsi
328 367 444 384 Universitati
457 367 553 389 indulto¹',
564 367 652 384 ordinare
663 370 681 384 et
696 367 793 390 disponere
807 367 907 388 consuevit,
921 367 1006 384 videlicet
1020 367 1102 385 inventa-

180 401 220 418 rium
234 400 255 417 de
267 400 334 418 eisdem
349 400 402 418 bonis
416 400 499 418 faciendo
514 404 532 418 et
545 401 671 418 custodiendo
686 400 756 422 eadem,
771 404 790 418 ut
804 400 902 418 heredibus
917 404 935 418 et
948 401 1056 424 propinquis
1070 407 1102 424 per

179 434 239 452 dictum
249 434 361 457 privilegium
372 434 490 451 restituantur
499 434 614 457 integraliter
624 438 643 452 et
653 434 675 452 ad
686 434 759 457 plenum
771 438 825 458 prout
835 434 853 451 in
863 434 911 451 dicto
923 434 1019 457 privilegio
1029 434 1101 458 plenius

179 468 278 489 continetur,
293 468 374 485 nituntur
388 467 444 484 levata
457 468 550 491 percipere
563 471 580 485 et
593 468 635 485 suis
648 468 728 491 propriis
741 468 806 485 usibus
817 467 954 491 dampnabiliter
968 467 1064 491 applicare.
1081 469 1102 485 Et

179 501 198 524 de
207 507 249 518 novo
261 507 299 518 cum
310 501 343 518 hoe
357 501 409 518 etiarn
422 507 511 524 personas
521 501 652 519 Universitatis
665 501 748 523 ejusdem
759 504 777 518 et
790 501 846 524 ipsam
857 501 996 518 Universitatem
1009 501 1027 517 in
1038 507 1101 518 eorum

179 534 261 557 personis,
271 535 364 551 occasione
375 534 497 557 predictorum
508 534 597 551 honorum
609 534 714 556 mobilium,
727 540 787 552 coram
798 534 892 557 judicibus
905 534 1018 551 secularibus
1031 534 1101 551 trahere

180 571 325 590 presumpserunt,
339 568 357 585 in
368 573 403 584 non
414 568 504 585 modicum
517 574 615 591 gravamen
627 568 688 591 ipsius
701 567 829 585 Universitatis
841 568 1014 591 privilegiorumque
1026 574 1100 585 suorum

179 601 279 624 vituperium
287 604 303 618 et
311 604 438 624 contemptum,
447 604 509 618 contra
517 601 667 623 suajuramenta,
676 601 732 624 jurati
741 601 775 624 ipsi
785 601 917 622 Universitatis,
926 604 994 618 temere
1002 601 1099 622 veniendo,

179 640 196 651 ac
205 634 298 651 sententias
307 634 388 655 canonis,
402 634 417 651 si
431 634 454 651 ita
468 634 497 656 sit,
509 634 628 652 incurrendo.
643 634 770 658 Premissaque
784 638 827 652 sunt
838 635 883 652 adeo
893 634 963 652 notoria
973 638 991 652 et
1001 635 1100 656 manifesta,

179 668 223 691 quod
235 667 281 685 nulla
295 668 366 691 possint
382 668 532 691 tergiversatione
548 668 611 689 celari,
628 671 683 691 prout
700 671 785 685 asserunt
799 671 834 685 tum
849 671 909 685 rector
925 674 978 691 quam
995 671 1102 691 procurator

179 701 295 718 Universitatis
308 701 396 724 ejusdem,
408 704 426 718 et
438 707 458 718 ea
471 707 491 718 se
501 701 585 722 offerunt,
596 701 613 718 si
626 701 733 718 necessario
742 701 803 722 suerit,
814 701 895 724 legitime
905 701 1005 724 probaturi,
1018 701 1063 718 Hinc
1073 705 1101 718 est

179 734 221 757 quod
234 734 283 751 vobis
297 734 381 751 omnihus
395 738 413 751 et
427 734 513 757 singulis,
527 734 635 751 auctoritate
651 734 797 751 conservationis
812 734 898 758 predicte,
914 734 948 751 sub
963 740 1009 758 pena
1023 740 1101 758 suspen-

178 768 230 785 sionis
242 771 259 785 et
271 768 468 789 excommunicationis,
483 774 535 791 quam
550 768 568 784 in
583 774 618 785 vos
634 771 652 785 et
665 771 747 785 vestrum
761 767 861 791 quemlibet
874 768 961 790 feremus,
972 768 1008 785 nisi
1020 768 1100 785 feceritis

178 801 221 824 quud
232 801 333 818 mandamus
345 801 404 822 vobis,
418 801 500 818 districte
514 801 635 824 precipiendo
650 801 757 818 mandamus
767 801 852 824 quatinus
865 801 886 818 ad
897 801 989 824 predictos
1004 801 1100 824 magistros

177 834 257 852 Amisimn
270 834 291 852 de
304 834 414 856 Aurelianis,
427 834 514 852 Thomani
527 834 550 851 de
564 834 667 858 Baillyaco,
680 834 800 852 Guillelmum
814 834 836 851 de
850 834 940 856 Chanaco,
954 834 1063 858 Stephanum
1078 835 1101 852 de

177 868 246 889 Novilla,
258 868 375 885 Bertrandum
388 868 484 889 Bonisacii,
496 868 578 885 Odonem
593 868 618 885 de
633 867 719 889 Senonis,
732 867 833 885 Johannem
847 868 869 885 de
882 868 985 891 Arpadella,
996 868 1069 885 Petrum
1078 868 1101 885 de

177 901 238 924 Foyllo,
251 901 366 918 Guillelmum
380 901 482 922 Bertrandi,
496 902 568 918 Petrum
581 901 606 918 de
621 900 758 924 Chanihilyaco,
773 901 892 919 Guillelmum
906 901 976 924 Piquet,
992 902 1064 918 Petrum
1078 901 1101 918 de

176 935 257 956 Condeto,
271 938 289 951 et
301 934 403 958 Philippum
417 935 514 956 Conversi,
526 934 627 958 capitulum
641 934 745 951 Parisiense
758 934 866 957 predictum,
878 937 896 951 ut
906 937 997 955 asserunt,
1007 934 1100 955 facientes,

177 968 288 991 personaliter
299 968 412 989 accedentes,
427 968 502 984 eosdem
515 968 624 985 auctoritate
639 967 721 991 predicta
734 968 821 985 canonice
833 968 929 989 moneatis,
941 971 959 984 ut
969 968 1005 991 ipsi
1015 968 1033 984 in
1043 968 1101 985 conti·-

177 1002 220 1018 nenti
232 1001 253 1018 ab
265 1001 367 1023 hujusmodi
381 1001 511 1025 inquietatione
524 1005 543 1018 et
554 1001 687 1018 molestatione
700 1001 790 1018 desistant
802 1001 875 1024 penitus
889 1005 907 1018 et
919 1001 938 1018 in
951 1005 994 1023 toto,
1009 1001 1043 1018 sub
1056 1007 1102 1025 pena

176 1035 294 1058 suspensionis
303 1038 321 1052 et
333 1035 532 1055 excommunicationis,
545 1038 563 1052 et
574 1038 652 1052 centum
664 1034 778 1052 marcharum
790 1035 829 1052 auri
843 1034 895 1051 nohis
906 1038 923 1052 et
933 1035 1050 1052 Universitati
1060 1041 1102 1058 pre—

176 1068 225 1089 dicte,
234 1068 248 1085 si
260 1071 320 1085 contra
332 1068 415 1089 fecerint,
427 1068 505 1085 mediate
518 1068 612 1090 solvendi;
624 1072 643 1085 et
655 1074 697 1085 cum
709 1068 744 1085 hoc
757 1068 848 1085 universis
858 1071 877 1085 et
886 1068 965 1091 singulis
974 1068 1040 1090 juratis
1054 1068 1101 1085 dicte

177 1101 300 1122 Universitatis,
313 1101 347 1118 suh
360 1105 447 1125 perpetue
460 1101 567 1125 privationis
580 1108 631 1125 pena
646 1102 768 1125 injungendo,
784 1102 819 1119 nisi
832 1107 903 1119 causam
917 1102 996 1125 allegare
1010 1102 1102 1119 voluerint

155 1131 160 1135 ’
176 1135 257 1152 efficacem
266 1141 320 1158 quare
330 1135 352 1152 ad
365 1135 445 1158 predicta
458 1135 518 1152 omnia
528 1135 603 1153 minime
618 1139 722 1153 teneantur⁴
735 1136 763 1153 Ad
773 1142 826 1159 quam
839 1131 950 1159 allegandam
961 1139 980 1153 et
991 1135 1101 1158 probandam

175 1168 228 1185 citetis
241 1168 330 1191 predictos
344 1169 448 1192 magistros,
463 1169 552 1186 Amisium
567 1168 590 1186 de
605 1169 720 1190 Aurelianis,
734 1169 820 1186 Thomam
836 1169 858 1185 de
873 1169 971 1192 Baillyaco,
983 1169 1101 1186 Guillelmum

175 1201 195 1219 de
204 1202 288 1223 Chnnnco,
299 1202 407 1225 Stephanum
417 1202 440 1219 de
449 1202 527 1223 Novilla,
537 1202 663 1219 Bertrandum
673 1202 768 1224 Bonisacii,
780 1202 863 1220 Odonem
874 1202 896 1219 de
907 1202 991 1223 Senonis,
1002 1202 1101 1219 :ohannem

175 1235 195 1252 de
206 1235 304 1258 Arpadella,
320 1236 391 1253 Petrum
406 1235 428 1253 de
443 1236 509 1258 Foillo,
523 1236 646 1253 Guillelmum
659 1236 762 1258 Bertrandi,
779 1237 851 1253 Petrum
865 1236 888 1253 de
901 1236 1036 1258 Chambilyaco,
1050 1236 1103 1254 Guil-

175 1268 241 1286 lelmum
256 1268 325 1292 Piquet,
339 1270 411 1287 Petrum
426 1269 449 1287 de
464 1269 553 1291 Condeto,
569 1272 586 1287 et
600 1269 708 1293 Philippum
723 1269 821 1292 Conversi,
835 1269 933 1293 capitulum
946 1269 1048 1287 Parisiense
1062 1275 1103 1293 pre-

175 1302 242 1323 dictum,
255 1306 274 1319 ut
285 1307 375 1325 asserunt,
390 1303 484 1325 facientes,
496 1304 518 1321 ad
531 1303 578 1320 diem
589 1303 663 1326 jovis'⁸
674 1306 716 1327 post
725 1303 792 1321 festum
803 1307 905 1321 sanctornm
916 1303 979 1321 Hilarii
989 1306 1008 1320 et
1017 1303 1102 1327 Remigii,

175 1336 207 1353 nisi
216 1335 253 1353 dies
264 1336 317 1353 suerit
329 1336 410 1358 feriatus,
420 1337 525 1354 inhibentes
536 1337 614 1358 eisdem,
629 1337 665 1354 sub
678 1337 731 1360 penis
744 1336 838 1360 predictis,
851 1343 874 1353 ne
886 1337 959 1355 interim
971 1336 1062 1361 pendente
1072 1337 1102 1354 die
